3750 6250
492 1040 512 1100 8
822 1044 951 1094 THOMAE
974 1043 1208 1094 wammam

324 1238 392 1289 al).
407 1239 478 1287 1272.
493 1236 555 1291 Iste
576 1234 722 1289 Heuricns
748 1233 811 1287 Rex
836 1232 984 1287 inchoavit
1010 1250 1114 1287 noram
1141 1232 1279 1288 fabricam
1299 1232 1428 1288 eeclesiae
1447 1232 1542 1289 West·
1554 1234 1630 1351 {1th3

1555 1368 1613 1433 1³²3

493 1320 672 1382 monasterii,
691 1317 743 1373 sed
761 1336 817 1372 non
835 1318 968 1388 perfecit.

325 1409 464 1459 character
531 1403 664 1475 Singulis
682 1420 806 1473 namque
825 1400 928 1456 diebus
952 1408 1013 1456 tres
1038 1399 1146 1456 Missas
1170 1419 1237 1456 cum
1264 1407 1333 1457 nota
1350 1401 1452 1457 audire
1470 1402 1543 1458 solo·

325 1474 462 1594 ffiflflfflfl
494 1488 552 1552 bat,
573 1496 611 1551 et,
631 1487 730 1558 plures
754 1486 856 1541 audire
874 1486 1003 1558 cupiens,
1023 1486 1161 1556 privatim
1187 1486 1399 1541 celebrantibus
1427 1487 1544 1542 assidue

494 1571 666 1637 assistebat;
687 1589 720 1626 ac
732 1589 799 1624 oum
812 1569 948 1625 sacerdos
961 1587 1066 1641 corpus
1080 1569 1265 1624 Dominicum
1278 1570 1414 1634 elevaret,
1426 1589 1543 1626 manum

494 1656 652 1713 sacerdotis
679 1662 787 1719 tenere,
807 1662 838 1711 et
867 1654 950 1710 illam
975 1654 1111 1720 osculari,
1131 1653 1250 1710 solebat.
1289 1655 1422 1727 Contigit
1446 1662 1544 1711 autem

494 1740 650 1813 aliquando
676 1739 815 1795 Sanctum
843 1739 1037 1803 Lodowicum,
1065 1738 1244 1793 Francorum
1270 1739 1391 1811 Regem,
1418 1758 1485 1794 eum
1510 1758 1544 1794 eo

495 1845 584 1900 super
606 1826 661 1881 hoc
679 1826 885 1887 conferentem,
914 1824 1012 1878 dicere
1038 1823 1117 1895 quod
1142 1842 1200 1878 non
1226 1841 1341 1896 semper
1359 1824 1471 1887 Missis,
1493 1824 1545 1879 sed

495 1912 676 1983 frequentius
696 1909 893 1972 Semonibus,
913 1907 1066 1964 audiendis
1085 1925 1149 1963 esse
1167 1909 1338 1964 vacandum.
1376 1908 1431 1964 Cui
1451 1910 1544 1964 faceta

496 1996 659 2052 urbanitate
689 1993 875 2065 respondens,
907 1994 958 2058 ait,
987 2011 1018 2048 se
1048 1994 1136 2048 malle
1165 1994 1291 2049 amicum
1321 2012 1407 2049 suum
1437 1995 1544 2065 saepiua

496 2081 605 2144 videre,
633 2097 721 2152 qnam
746 2078 782 2133 de
803 2096 838 2133 eo
863 2078 1039 2151 loquentem,
1064 2078 1134 2133 licet
1158 2078 1234 2134 bona
1258 2078 1411 2142 dicentem,
1432 2079 1543 2133 audire.

497 2167 569 2221 Erat
598 2172 695 2220 autem
726 2169 845 2219 staturae
881 2162 1045 2227 mediocris,
1077 2164 1219 2234 compacti
1254 2164 1392 2234 corporis,
1424 2163 1545 2218 alterius

410 2298 415 2306 .
498 2251 575 2306 oculi
605 2248 743 2322 palpebra
768 2248 948 2310 demissiore,
976 2249 1019 2302 ita
1043 2254 1077 2302 ut
1101 2253 1214 2318 partem
1240 2247 1402 2318 nigredinis
1433 2247 1546 2319 pupillo

334 3274 426 3324 Priuce

333 3341 450 3401 Edward,

331 3407 430 3471 though

332 3475 427 3533 absent,

333 3541 452 3590 acknow·

332 3607 422 3670 nages

332 3672 403 3738 mag

498 2334 615 2389 celaret.
653 2333 801 2387 Robustus
819 2331 942 2394 viribus,
962 2330 1014 2386 sed
1039 2348 1168 2402 praeceps
1192 2332 1223 2385 in
1245 2331 1338 2385 iactis.
1377 2330 1413 2384 In
1439 2331 1545 2401 quibus

498 2425 596 2473 tamen
626 2419 695 2487 qnia
724 2417 886 2471 fortunatos
911 2422 942 2470 et
969 2415 1067 2470 felices
1087 2416 1181 2469 exitus
1208 2414 1319 2478 habuit,
1348 2420 1452 2486 putant
1478 2433 1546 2469 eum

499 2503 584 2558 multi
597 2502 674 2573 apud
691 2500 850 2556 Merlinum
868 2499 1021 2556 fatidicum
1040 2517 1092 2573 per
1110 2499 1225 2570 lyncem
1243 2500 1437 2571 designatum,
1450 2500 1547 2555 omnia

498 2592 705 2659 penetrantem.

535 2671 610 2725 Cum
628 2669 721 2740 igitur
733 2687 837 2739 corpus
855 2668 1004 2738 magnifici
1023 2667 1115 2738 Regis
1133 2668 1319 2722 commissum
1339 2666 1442 2723 sitisset
1458 2668 1546 2723 hono·

500 2755 589 2810 rificae
613 2754 779 2826 sepulturae,
803 2754 873 2824 qnia
896 2750 1066 2814 Edwardus,
1093 2752 1170 2807 filius
1189 2752 1253 2822 ejus
1274 2752 1495 2822 primogenitus,
1517 2754 1547 2807 in

500 2840 591 2894 Terra
617 2838 723 2893 Sancta
747 2836 880 2891 detentus
911 2836 969 2890 suit
998 2835 1102 2890 Crucis
1126 2837 1253 2907 negotio,
1274 2843 1304 2890 et
1329 2836 1431 2891 absens
1462 2838 1547 2908 regni

500 2922 780 2978 administrationem
798 2937 855 2974 non
873 2919 990 2974 valebat
1007 2920 1110 2990 exequi
1125 2942 1132 2983 ;
1158 2920 1205 2973 die
1223 2920 1354 2991 proximo
1372 2926 1438 2991 post
1455 2921 1547 2991 patria

500 3006 564 3077 ejus
582 3005 772 3078 sepulturam,
798 3003 902 3058 Frater
931 3002 1076 3058 Robertus
1096 3002 1303 3073 ¹Kylwardby,
1330 3003 1548 3059 Cantuariensis

499 3091 753 3163 Archiepiscopus,
785 3094 816 3144 et
852 3087 1001 3144 Gilbertus
1038 3087 1142 3143 Comes
1179 3086 1353 3151 Glorarniae,
1385 3106 1451 3143 cum
1481 3089 1548 3144 aliis

499 3175 628 3247 praelatis
646 3192 680 3229 ac
698 3174 783 3245 regni
801 3173 979 3244 proceribus,
995 3171 1152 3226 Londoniis
1170 3172 1248 3243 apud
1265 3172 1382 3227 Novum
1395 3173 1548 3244 Templum

499 3259 712 3322 convenientes,
750 3257 926 3313 Edwardum
963 3256 1112 3311 absentem
1143 3256 1291 3310 dominum
1323 3274 1408 3310 snum
1442 3256 1549 3326 ligium

500 3347 740 3412 recognoverunt,
766 3341 938 3412 paternique
963 3355 1160 3394 successorem
1183 3339 1300 3394 honoris
1325 3340 1546 3395 ordinaverunt:

501 3434 531 3480 et
555 3426 591 3479 de
616 3443 737 3479 assensu
756 3424 878 3494 Regium
899 3424 1002 3477 matris
1027 3429 1192 3479 statuerunt
1209 3422 1352 3477 Custodes
1376 3424 1470 3493 regni,
1495 3425 1550 3478 mi·

501 3511 666 3578 nistrosquo
679 3509 788 3570 fideles,
803 3509 854 3578 qui
874 3508 958 3576 regio
975 3507 1044 3562 fisco
1062 3515 1230 3578 praeessent,
1245 3514 1275 3562 et
1288 3513 1446 3577 proventus
1465 3509 1549 3578 regni

502 3593 539 3647 ad
556 3610 628 3660 opus
649 3592 740 3661 Regis
761 3592 829 3646 nori
851 3610 885 3645 ex
909 3592 1025 3662 integro
1046 3597 1245 3657 reservarent;
1268 3592 1351 3663 cujus
1370 3609 1471 3664 paoem
1486 3592 1550 3663 jam

403 3711 410 3724 .
502 3676 610 3747 ubique
629 3677 760 3731 focerunt
780 3693 833 3746 per
853 3675 991 3745 Angliam
1012 3674 1194 3745 proclamari.

537 3760 648 3814 Eodem
660 3778 734 3814 anno
752 3759 935 3821 Edmundus,
956 3759 1034 3814 filius
1047 3759 1139 3830 Regia
1151 3759 1283 3825 Henrici,
1298 3760 1388 3816 frater
1400 3760 1547 3827 Edwardi,

499 3844 590 3899 rediit
608 3845 637 3897 in
655 3844 793 3914 Angliam
812 3844 848 3898 de
866 3845 956 3898 Terra
975 3844 1090 3899 Sancta.

335 3938 473 3987 accession
538 3927 699 3982 Edwardus
718 3928 819 3998 igitur,
833 3928 924 3999 Regis
936 3927 1102 3998 Anglorum
1114 3928 1236 3983 Henrici
1248 3929 1340 3984 Tertii
1353 3947 1388 3983 ex
1399 3929 1547 3995 Alienora,

333 4005 365 4120 ff
381 4003 563 4067 Edwardfilia
593 4010 716 4066 Comitis
746 4012 917 4077 Provinciae,
944 4012 991 4066 vel
1019 4012 1181 4077 Sabaudiae,
1210 4014 1431 4085 primogenitus,
1454 4016 1549 4069 aetatia

503 4115 564 4152 suaa
588 4113 662 4150 anno
686 4096 834 4150 tricesimo
855 4103 959 4168 quarto
982 4097 1058 4168 patri
1080 4098 1222 4152 suecessit
1244 4098 1275 4151 in
1295 4116 1429 4168 regnum.
1480 4099 1551 4154 Fuit

503 4189 601 4236 autem
622 4179 749 4251 prudens
768 4179 798 4233 in
817 4180 954 4250 gerendis
972 4181 1109 4250 negotiis,
1129 4181 1166 4235 ab
1190 4181 1383 4238 adolescentia
1401 4201 1549 4238 armorum

503 4266 618 4320 deditus
631 4263 777 4327 exercitio,
791 4281 849 4334 quo
861 4265 892 4318 in
903 4264 1027 4319 diversis
1045 4266 1214 4334 regionibus
1227 4283 1290 4321 eam
1309 4267 1416 4322 famam
1435 4269 1549 4324 militiae

502 4349 690 4421 adquisierat,
712 4365 770 4418 qua
787 4348 877 4402 totius
899 4347 978 4402 orbis
998 4347 1158 4403 Christiani
1179 4349 1225 4404 sui
1246 4352 1384 4422 temporis
1403 4353 1549 4424 principes

501 4434 690 4502 singulariter
726 4430 947 4487 transcendebat
1011 4431 1162 4503 Elegantia
1193 4438 1255 4487 erat
1288 4434 1397 4499 sormae,
1430 4442 1549 4493 staturae

500 4534 637 4587 procerae,
662 4535 720 4588 qua
738 4516 860 4570 humero
880 4523 911 4570 et
931 4533 1020 4586 supra
1038 4517 1183 4570 communi
1207 4517 1313 4589 populo
1331 4521 1547 4590 praeeminebat.

501 4600 642 4655 Caesaries
672 4601 703 4654 in
727 4599 920 4654 adolescentia
944 4616 962 4652 a
984 4600 1080 4654 coloro
1104 4618 1177 4672 peno
1201 4608 1340 4672 argenteo
1363 4620 1487 4673 vergens
1519 4607 1549 4659 in

502 4682 618 4746 flavum,
645 4683 675 4736 in
697 4683 851 4752 juveutute
875 4701 945 4738 rcro
976 4701 993 4738 a
1023 4685 1097 4738 ssavo
1124 4683 1272 4739 declinans
1298 4685 1327 4739 in
1355 4687 1547 4756 nigredinem,

773 4812 1031 4819 —m--n-m.
1048 4813 1070 4816 ,κ
1081 4812 1276 4818 ...-.-.-.-..-
1287 4813 1471 4819 -..ῥ’-...ἥ
1486 4814 1516 4820 .,.-
1539 4816 1542 4817 ⁷

537 4900 688 4965 ¹Kylrcurdy
710 4902 738 4951 iu
755 4903 818 4968 orig.
831 4907 881 4954 and
900 4905 927 4954 iu
944 4907 1005 4955 Par·
1042 4914 1103 4957 text.
1132 4906 1266 4959 Corrcctecl
1276 4910 1341 4958 from
1351 4911 1550 4974 Rishaugeraud

503 4980 570 5031 ker's
590 4988 663 5039 text;
683 4978 817 5046 Kylronrty
828 4983 855 5031 iu
873 4983 1006 5034 Camden’s
1042 4986 1097 5037 MS.
1110 4987 1176 5038 Bibl.
1189 4989 1252 5059 Reg.
1268 4996 1297 5039 13
1312 4991 1340 5041 Ε,
1352 4990 1388 5042 ix.

1556 1406 1630 1487 ani
