3750 6250
497 1059 564 1125 112
831 1074 961 1125 rnoun
985 1074 1220 1126 umentorum

324 1266 394 1322 ΑΒ.
412 1266 483 1318 mot.
498 1263 569 1319 bant
585 1263 743 1328 abundare,
761 1263 813 1319 sed
830 1281 883 1319 neo
902 1263 939 1319 ad
958 1262 1139 1320 ¹satietatem
1156 1263 1286 1319 omnium
1303 1264 1433 1319 fructum
1450 1262 1549 1318 serre:

497 1349 554 1403 fuit
584 1349 673 1404 etiam
712 1348 828 1419 quietus
860 1347 992 1413 Gallicis,
1029 1347 1081 1406 sed
1111 1348 1258 1421 inquietus
1289 1347 1425 1420 anglicis
1462 1352 1553 1418 atque

496 1431 614 1572 sedtdim
644 1516 747 1587 gratim
774 1517 930 1575 millesimo
955 1518 1164 1574 trecentesimo
1177 1524 1288 1583 octavo,
1308 1517 1359 1590 qui
1385 1524 1432 1575 est
1456 1520 1687 1578 annususnu

493 1602 578 1672 regni
604 1601 694 1670 Regis
712 1601 858 1666 Edwardi‚
879 1620 896 1656 a
915 1601 1091 1674 Conquaestu
1109 1602 1211 1667 Primi,
1234 1603 1400 1659 tricesimus
1429 1600 1549 1673 quintus
1561 1588 1622 1708 ἒξ
1633 1592 1661 1639 ¹³

494 1690 524 1740 et
541 1686 671 1749 ultimus,
701 1686 758 1740 luit
786 1685 864 1740 idem
891 1686 954 1740 Rex
981 1687 1018 1741 od
1044 1685 1150 1742 Natale
1177 1687 1254 1758 apud
1279 1686 1462 1750 Karleolum,
1481 1702 1550 1741 cum
1601 1670 1636 1706 ¹¹*

495 1787 602 1841 magna
612 1769 800 1825 multitudine
812 1771 912 1842 populi
924 1771 1090 1842 Anglicani.
1127 1770 1165 1826 In
1177 1770 1294 1827 Octabis
1314 1771 1415 1826 Sancti
1426 1769 1549 1825 Hillarii
1561 1770 1652 1830 'llivet

323 1845 479 1899 Pvlifflffi
496 1855 559 1910 Rex
577 1854 806 1911 Parliamentum
823 1854 926 1910 habuit
944 1854 1085 1919 Karleoli,
1104 1854 1136 1909 in
1154 1872 1211 1926 quo
1228 1873 1281 1927 per
1298 1855 1424 1926 majores
1442 1871 1549 1925 graves
1561 1844 1656 1953 &⁴¹¹2

321 1912 472 1967 '‘culm‘'
496 1939 634 2010 depositae
662 1945 730 1994 sunt
759 1940 947 2010 querimoniae
977 1939 1013 1993 de
1043 1940 1277 2012 oppressionibus
1304 1939 1495 1995 ecclesiarum
1520 1944 1551 1993 et
1562 1904 1687 2050 3313&

495 2024 736 2079 monasteriorum
761 2023 983 2094 multiplicibus,
1003 2031 1033 2079 et
1051 2023 1258 2079 extortionibus
1285 2024 1476 2096 pecuniarum
1496 2038 1635 2094 peram

496 2107 643 2164 Glerioum
670 2107 787 2162 Domini
811 2108 909 2179 Papae,
929 2108 1107 2179 Magistrum
1118 2108 1300 2165 Willelmum
1317 2108 1415 2173 Testa,
1434 2108 1550 2163 noviter

494 2192 526 2247 in
550 2209 641 2262 regno
671 2190 848 2247 ²inductum.
904 2192 1144 2263 Praeceptumque
1171 2199 1217 2248 est
1245 2192 1340 2247 eidem
1367 2192 1483 2256 clerico,
1514 2190 1550 2245 de

321 2287 450 2337 Messores
496 2291 617 2329 assensu
644 2273 790 2329 Comitum
816 2279 846 2329 et
872 2274 1030 2339 Baronum,
1057 2291 1093 2329 ne
1112 2273 1148 2328 de
1166 2280 1271 2329 caetero
1289 2273 1361 2329 talia
1378 2277 1548 2345 exequatur.

322 2353 398 2405 taken
496 2353 668 2408 Ordinatum
687 2354 744 2408 luit
762 2353 859 2417 etiam,
873 2353 952 2424 quod
968 2353 1046 2425 ³praa
1063 2353 1192 2408 remedio
1211 2353 1368 2424 superbiis
1384 2350 1550 2415 obtinendo,

322 2415 476 2497 againattbe
496 2437 534 2492 ad
559 2437 716 2491 Dominum
741 2437 852 2507 Papam
875 2438 975 2492 nuncii
1002 2438 1196 2493 mitterentur.
1246 2438 1283 2491 In
1309 2436 1412 2492 eodem
1441 2435 1552 2491 Parlia·

321 2481 475 2616 ffiffif
496 2528 595 2576 mento
621 2521 700 2575 edita
727 2529 794 2576 sunt
822 2521 938 2576 Statuta
963 2522 1106 2592 quadam,
1133 2522 1286 2592 religiosos
1314 2521 1476 2592 tangentia,
1503 2519 1554 2592 qui

322 2619 407 2672 Clark.
498 2605 598 2661 domos
617 2623 684 2659 suas
703 2604 878 2675 principales
897 2605 928 2682 in
946 2606 1003 2660 alio
1021 2622 1112 2676 regno
1129 2605 1283 2662 habebant.

320 2699 481 2767 Propoaition
529 2689 578 2745 Ad
608 2689 687 2744 istud
715 2688 945 2744 Parliamentum
974 2690 1056 2745 venit
1087 2691 1276 2745 transmissus
1305 2706 1359 2761 per
1388 2689 1650 2759 Dominum'ltive,

319 2768 413 2847 (οῐῦξθ
495 2772 606 2844 Papam
631 2773 793 2829 cardinalis
824 2774 952 2844 quidam,
989 2775 1124 2829 “Petrus
1154 2774 1304 2846 Hispanus
1313 2774 1330 2797 ”
1355 2774 1463 2839 dictus,
1496 2767 1650 2845 prol-⁴¹²·

320 2849 450 2952 Ἢηζ
495 2858 679 2913 matrimonio
697 2858 773 2912 inter
790 2857 884 2911 filium
902 2858 994 2928 Regis
1008 2858 1124 2928 Angliae
1143 2863 1173 2914 et
1190 2858 1280 2914 filiam
1295 2858 1387 2930 Regis
1405 2858 1546 2920 Francia,
1559 2827 1682 2957 ἕξῇῑ

320 2917 435 3018 ivm&
496 2941 655 3000 secuudum
680 2941 758 3013 quod
778 2960 796 2996 a
815 2941 896 3012 Papa
922 2941 1081 3007 Bonifacio,
1110 2948 1248 3013 tanquam
1273 2942 1432 2997 mediatore
1458 2933 1633 3013 patiami„

321 3035 411 3085 witha
495 3026 660 3081 ordinatum
684 3025 788 3090 fuerat,
814 3025 1048 3081 consummando.
1087 3025 1142 3080 cui
1166 3044 1218 3097 por
1242 3026 1354 3097 Regem
1374 3043 1547 3098 responsum

321 3104 370 3154 (1²¹¹
387 3102 480 3181 ¹1321'0s
495 3116 549 3176 est,
578 3116 713 3182 paratum
743 3129 774 3165 se
800 3111 861 3164 lore
889 3110 1011 3182 implere
1038 3129 1103 3182 quae
1129 3110 1261 3166 ordinata
1286 3115 1363 3176 sunt,
1393 3109 1549 3166 dummodo

320 3170 389 3286 ἔζη
411 3170 559 3251 ¹¹⁸⁰fo
576 3195 756 3250 Francorum
780 3195 853 3250 velit
879 3212 914 3249 ex
941 3200 1023 3266 parte
1050 3213 1104 3250 sua
1129 3213 1195 3265 quae
1220 3195 1257 3250 ad
1284 3196 1381 3266 ipsum
1406 3196 1552 3267 pertinent

390 3250 426 3287 ω’
495 3280 664 3351 adimplere.
710 3278 839 3334 Dederat
868 3279 946 3333 enim
982 3279 1044 3332 Rex
1081 3279 1221 3342 Franciae,
1263 3279 1333 3334 dum
1367 3279 1551 3335 Wasconiam

495 3369 637 3428 tenuerat,
658 3368 786 3418 castrum
814 3363 892 3433 quod
919 3362 1141 3417 “Malileonis'’
1167 3363 1284 3428 dicitur,
1313 3362 1431 3418 cuidam
1455 3362 1550 3426 militi,

497 3447 547 3517 qui
572 3447 646 3502 illud
670 3447 765 3501 adhuc
789 3446 946 3512 detinebat,
972 3464 1024 3500 nec
1052 3446 1089 3501 nd
1116 3447 1284 3502 mandatum
1308 3447 1401 3517 Regis
1422 3446 1553 3502 Francia

496 3530 571 3585 illud
589 3531 709 3586 curabat
732 3531 904 3596 restituere;
930 3531 966 3585 ob
992 3549 1079 3600 quam
1098 3550 1215 3586 eausam
1240 3532 1333 3586 fertur
1357 3530 1434 3586 illud
1454 3531 1552 3586 matri-

497 3614 626 3670 monium
656 3615 796 3669 hactenus
828 3615 917 3670 fuisse
948 3614 1080 3669 dilatum.
1130 3615 1231 3670 Rediit
1259 3616 1358 3686 itaque
1389 3614 1554 3670 Oardinalis

499 3698 671 3763 Londonias,
692 3698 743 3752 ubi
761 3716 848 3769 super
866 3700 924 3754 hiis
943 3699 1146 3754 certitudinem
1165 3705 1339 3770 expectaret.

321 3786 429 3851 Capture
534 3781 666 3844 Interim,
695 3781 839 3837 Robertus
858 3783 894 3837 de
912 3783 999 3847 Brus‚
1026 3789 1134 3837 terram
1159 3782 1342 3846 circumiens,
1372 3783 1481 3838 multos
1500 3781 1555 3838 sibi

320 3854 426 3931 ”⁶9¹⁸
499 3864 623 3920 rebelles
648 3866 782 3935 peremit,
810 3866 949 3937 misitque
975 3884 1041 3920 cum
1068 3872 1150 3937 parte
1176 3866 1321 3921 exercitus
1346 3857 1420 3920 duos
1449 3866 1553 3920 fratres

321 3928 421 4035 322⁰
499 3966 577 4011 suos,
604 3947 745 4002 Thomem
775 3947 908 4012 militem,
936 3954 966 4003 et
993 3948 1191 4003 Alexandrum
1220 3950 1370 4013 clericum,
1403 3950 1442 4004 ad
1467 3949 1554 4004 aliam

321 4053 436 4101 brothers
447 4051 477 4100 of
497 4038 611 4104 partem
636 4039 732 4094 terrae,
761 4038 795 4084 ut
820 4032 952 4086 homines
980 4038 1066 4087 terrae
1094 4032 1131 4087 ad
1158 4050 1189 4087 se
1220 4032 1373 4087 allicerent
1402 4032 1553 4089 blanditiis

322 4118 418 4167 Robert
497 4122 585 4187 atque
599 4115 696 4169 minis.
733 4114 864 4182 ⁴Quibus
876 4114 1012 4187 Angliois
1031 4116 1311 4187 supervenientibus,
1332 4117 1411 4189 capti
1430 4125 1508 4182 sunt,
1526 4123 1554 4172 et

322 4184 410 4234 ΒΜ·
496 4199 577 4255 ducti
595 4197 633 4254 ad
652 4198 854 4263 Justiciarios;
883 4217 917 4253 ac
938 4197 1130 4265 condemnati,
1156 4201 1250 4271 primo
1275 4201 1371 4265 tracti,
1394 4219 1428 4255 ac
1454 4207 1554 4273 postea

496 4293 564 4339 sunt
582 4283 724 4354 suspensi.

322 4358 461 4437 Εῑωξῑῡῐῐῦ
531 4367 674 4439 Tempore
692 4366 781 4437 hujus
800 4365 901 4436 Regis,
920 4366 1039 4422 Fratres
1058 4368 1108 4437 qui
1127 4367 1265 4423 dicuntur
1285 4367 1477 4434 “Minores,”
1491 4387 1551 4433 seu,
1565 4360 1672 4411 ΜΗ

322 4427 448 4541 {mm
496 4448 574 4521 quod
611 4451 698 4506 latius
737 4450 912 4522 publicatur,
946 4456 975 4505 et
1013 4453 1136 4522 nequius
1174 4453 1388 4524 comprobatur,
1430 4458 1449 4481 “
1462 4455 1552 4509 totius
1566 4428 1658 4543 w&

321 4557 411 4608 ΜΓ,
498 4532 675 4588 “Ecclesiae
711 4535 936 4606 exploratores,”
968 4534 1004 4589 ad
1035 4534 1137 4590 illicita
1169 4536 1244 4606 legis
1282 4555 1342 4591 sum
1378 4539 1550 4609 aspirantes,
1564 4510 1679 4610 Rffiffip

322 4624 421 4673 Minore
432 4625 467 4687 by
1564 4627 1621 4691 Reg.
1633 4631 1656 4675 1³

322 4690 453 4753 tbePope.
511 4704 616 4711 -·
891 4707 1006 4712 --
1265 4692 1634 4743 ··“··--“-·Εἱι.

529 4797 683 4845 ¹accietctem
702 4798 730 4847 in
758 4800 836 4863 orig.;
867 4802 994 4850 corrected
1078 4803 1088 4830 ⁸
1094 4817 1142 4865 pro
1154 4800 1180 4848 in
1201 4802 1243 4850 the
1262 4801 1363 4865 printed
1372 4809 1449 4862 texta,
1460 4804 1511 4853 aad
1524 4804 1551 4852 ln

494 4875 559 4924 from
571 4874 613 4923 the
625 4875 725 4938 printed
735 4884 810 4927 texts.
1045 4878 1152 4938 Ττίνεῐς
1177 4895 1232 4945 pm
1251 4880 1278 4928 in
1291 4881 1347 4932 MS.
1361 4880 1432 4933 Bibl.
1444 4882 1507 4948 Reg.
1521 4886 1550 4931 13

528 4954 538 4981 ²
549 4951 661 5001 inductas
672 4953 699 5001 in
711 4954 773 5020 orig.
1046 4957 1074 5012 a.
1087 4957 1123 5008 ix.
