3750 6250
490 1073 556 1150 442
823 1087 955 1148 saona
976 1086 1210 1154 summensis

323 1261 570 1335 A,1),1³so.quod
606 1263 716 1322 factum
747 1261 868 1321 Gallicis
898 1281 966 1319 mox
995 1279 1132 1336 pavorem
1161 1261 1300 1327 incussit,
1329 1259 1410 1316 adeo
1443 1256 1559 1328 quidem
1569 1265 1640 1318 us}

321 1858 377 1909 The
388 1858 457 1924 Eng-

325 1924 373 1974 lish
385 1941 457 1976 move

321 2005 354 2041 ou
363 1994 472 2043 towards

322 2057 455 2124 Bretaguc.
511 2105 517 2116 ,

492 1346 638 1417 grandem
662 1354 696 1402 ut
722 1348 849 1419 amplius
875 1348 984 1404 dictam
1009 1348 1145 1404 fossatam
1173 1347 1278 1419 egredi
1307 1363 1371 1401 non
1404 1333 1640 1412 undertakes

491 1429 578 1487 Cives
597 1436 695 1488 autem
709 1432 791 1488 urbis
803 1432 839 1486 de
852 1433 945 1504 'I'roys
961 1438 1058 1489 tantus
1072 1439 1168 1488 metus
1183 1431 1306 1496 invasit,
1325 1437 1362 1486 ut
1382 1427 1452 1484 sina
1469 1444 1557 1490 mora,
1569 1400 1627 1451 Μ

490 1515 620 1572 collectis
650 1516 815 1588 quibusque
838 1516 875 1573 de
905 1517 994 1572 rebus
1022 1517 1253 1588 pretiosissimis,
1284 1514 1326 1571 ad
1351 1523 1461 1585 partes
1488 1510 1558 1565 alive

488 1600 589 1671 pavidi
601 1601 859 1672 transmigrarent:
880 1601 1038 1658 credebant
1048 1619 1174 1672 namque
1192 1609 1313 1656 nostros
1329 1602 1461 1670 repente
1474 1594 1558 1650 irrui·

489 1689 571 1754 turos
591 1702 679 1756 super
703 1703 752 1741 eos
771 1692 801 1740 et
818 1702 930 1753 eorum¹
944 1686 1056 1750 urbem,
1077 1704 1165 1757 quam
1189 1686 1334 1743 rebantur
1359 1681 1450 1739 nullo
1474 1678 1556 1735 modo

490 1768 630 1822 custodiri
648 1787 733 1840 posse
752 1775 851 1825 contm
869 1762 929 1825 eos,

526 1853 680 1909 Nostrates
699 1871 779 1918 rere,
798 1860 865 1924 post
888 1852 1063 1925 praedictum
1088 1859 1235 1909 certamen
1253 1871 1309 1927 per
1328 1851 1453 1923 aliquot
1470 1850 1554 1904 horas

492 1942 675 2008 expectantes
694 1938 724 1994 in
742 1938 815 2002 loco,
838 1955 905 1992 cum
929 1937 1043 1994 nullum
1062 1955 1078 1991 e
1097 1937 1220 1993 Gallicis
1238 1937 1371 1992 ulterius
1392 1953 1445 1991 ecs
1469 1935 1554 1989 inses-

491 2026 553 2076 tcre
571 2022 619 2076 vel
639 2022 779 2093 impetere
797 2022 874 2077 velle
901 2022 1110 2092 percepissent,
1137 2022 1200 2077 sine
1218 2039 1329 2095 magno
1350 2021 1463 2076 damno
1489 2037 1552 2074 cum

489 2106 620 2160 victorias
639 2106 734 2177 gloria
751 2113 944 2171 recesserunt,
959 2106 1069 2162 diutius
1088 2106 1198 2164 ibidem
1217 2106 1375 2162 immorari
1396 2109 1550 2168 carentem

489 2189 579 2258 immo
600 2208 688 2260 quam
713 2191 847 2255 maxime,
870 2190 940 2262 quia
960 2191 1129 2247 nesciebant
1149 2190 1276 2262 qualiter
1301 2207 1353 2245 res
1380 2207 1452 2244 cum
1471 2188 1551 2244 Duce

488 2273 659 2339 Britannica,
685 2275 716 2328 in
740 2274 825 2345 cujus
853 2274 1033 2346 adjutorium
1056 2275 1141 2330 missi
1175 2276 1301 2339 fuerant,
1329 2291 1365 2330 se
1392 2273 1548 2336 haberent3

490 2375 656 2428 quanquam
668 2358 811 2423 fortassis,
826 2359 851 2414 si
870 2358 957 2430 ¹post
968 2358 1142 2430 pradictum
1155 2359 1326 2415 conflictum
1346 2357 1400 2412 vel
1422 2357 1549 2412 Francos

488 2442 629 2513 impetere
661 2442 708 2498 vel
739 2443 846 2497 dictam
873 2443 977 2498 urbem
1004 2442 1140 2498 invadere
1166 2442 1382 2511 decrevissent,
1410 2459 1549 2512 maguum

489 2526 600 2581 eisdem
630 2526 814 2582 commodum
832 2527 1012 2582 excrevisset
1028 2525 1081 2583 tali
1101 2527 1188 2582 sacto.
1228 2525 1289 2580 Sed
1301 2543 1390 2580 amor
1404 2524 1509 2588 Ducis,
1522 2532 1549 2580 et

488 2609 650 2666 ²invictum
661 2611 830 2668 mandatum
845 2610 923 2681 quod
947 2616 1119 2681 acceperant
1144 2611 1182 2664 ad
1200 2608 1409 2664 festinandum
1428 2609 1468 2663 ad
1489 2628 1547 2664 suc·

489 2711 607 2749 cursum
628 2711 723 2757 suum,
746 2712 795 2749 eos
812 2712 830 2749 a
841 2695 894 2750 tali
912 2695 1062 2766 proposito
1083 2699 1272 2759 averterunt3
1295 2694 1349 2764 qui
1370 2699 1475 2747 tamen
1492 2700 1548 2748 tam

487 2778 652 2848 periculosa
682 2778 787 2833 itinera
816 2796 1000 2850 peragrasse,
1026 2786 1085 2834 tam
1111 2779 1257 2834 confertos
1285 2778 1392 2834 hostes
1424 2785 1457 2832 et
1489 2776 1548 2833 loce

487 2862 606 2927 hostilia
629 2868 806 2933 penetrasse,
833 2869 929 2918 tantos
954 2864 1068 2918 labores
1089 2882 1148 2917 non
1172 2879 1400 2918 consummasse
1426 2861 1481 2917 sed
1508 2862 1546 2916 in·

486 2948 616 3011 choasse,
637 2947 668 3006 in
687 2947 814 3004 adventu
834 2953 864 3004 et
882 2947 1129 3018 approximatione
1147 2947 1311 3002 Britauniae
1331 2954 1545 3017 cognoverunt

318 3032 457 3098 liquivoeal
523 3031 680 3087 Enimvero
701 3030 777 3095 Dux,
800 3031 884 3102 cujus
909 3032 1016 3087 amoris
1035 3031 1145 3088 intuitu
1164 3032 1229 3087 baec
1252 3030 1545 3094 omnia'tentavere,

321 3102 431 3152 conduct

318 3170 348 3217 cs
363 3170 405 3219 the

317 3235 394 3284 Duke
405 3236 436 3284 of

317 3302 451 3367 Bretagne.

488 3115 536 3171 vel
551 3115 687 3174 inductus
707 3121 787 3172 metu
801 3116 849 3171 rel
867 3116 990 3174 allectus
1009 3116 1151 3181 mercede,
1171 3115 1204 3170 in
1221 3121 1340 3186 partem
1359 3121 1548 3170 consenserat

488 3199 642 3268 adversam
662 3217 716 3270 per
739 3205 816 3264 anta,
839 3207 873 3255 ut
893 3200 996 3255 multis
1016 3205 1163 3255 constaret
1187 3200 1313 3255 sanioris
1339 3199 1463 3270 capitis,
1484 3217 1547 3254 cum

487 3284 583 3355 magis
600 3284 705 3339 timore
725 3301 812 3353 quam
833 3301 931 3339 amore
955 3284 1090 3354 Anglicis
1115 3283 1248 3339 ‘videtur
1278 3282 1459 3354 impendere
1485 3301 1547 3354 gre·

487 3369 559 3423 tiam
571 3368 618 3423 vel
632 3369 777 3434 favorem
796 3369 821 3423 si
834 3374 932 3423 tamen
947 3372 965 3394 “
974 3368 1087 3439 gratia”
1102 3368 1165 3423 sive
1181 3368 1312 3424 “lavor”
1327 3373 1404 3423 sunt
1416 3367 1547 3432 dicenda,

486 3470 551 3522 quae
570 3452 616 3507 vel
635 3452 671 3507 ab
689 3452 782 3507 invito
800 3453 846 3507 vel
866 3458 965 3508 coacto
983 3453 1086 3523 quovis
1104 3459 1191 3523 pacto
1212 3460 1443 3522 extorquentur.
1483 3453 1547 3506 darn

484 3555 559 3590 nunc
585 3537 631 3591 vel
656 3555 721 3591 sero
746 3537 849 3591 saltem
873 3555 1047 3607 cognoscere
1073 3544 1196 3608 possunt
1214 3538 1339 3607 Anglici
1370 3556 1460 3591 suam
1486 3556 1547 3608 pre·

484 3627 595 3675 terram
614 3627 644 3675 et
661 3621 907 3692 indisciplinatam
925 3621 1161 3692 imprudentiam,
1176 3629 1207 3677 ct
1225 3622 1391 3677 stultitiam
1415 3622 1549 3676 infraena-

484 3704 582 3768 bilem,
609 3706 668 3775 qui,
702 3707 796 3761 ⁵0mni
829 3706 980 3761 credentes
1013 3707 1138 3776 spiritui,
1175 3724 1305 3769 sensum,
1340 3707 1428 3761 vires
1474 3725 1549 3769 suae,

486 3795 574 3858 atque
603 3791 803 3853 substantiam,
827 3791 857 3844 in
888 3808 1002 3843 omnem
1033 3797 1151 3844 rentum
1173 3789 1398 3860 dispergentes
1421 3797 1453 3845 et
1472 3791 1552 3845 velut

485 3879 646 3928 metuentes
685 3893 720 3929 ne
758 3883 837 3930 terra
865 3893 918 3929 sua
945 3874 1121 3929 habitatores
1158 3873 1223 3944 ejus
1257 3873 1398 3937 devoret,
1433 3875 1552 3929 cosdem

484 3959 630 4020 emittunt,
655 3960 704 4028 qui
727 3959 866 4021 defensio,
886 3959 1038 4029 protectio,
1062 3966 1091 4013 et
1106 3959 1247 4027 juramen
1269 3976 1339 4013 esse
1367 3968 1505 4028 possent,
1526 3960 1553 4012 in

482 4043 556 4096 mari
575 4044 621 4096 vel
640 4044 805 4113 peregrinis
825 4043 994 4112 regionibus
1022 4043 1242 4097 consumendos,
1297 4043 1340 4097 Et
1360 4043 1437 4097 dum
1457 4044 1554 4112 magis

482 4134 585 4182 carent
611 4127 714 4180 alienis
739 4127 887 4197 periculis,
914 4127 971 4196 ipsi
992 4127 1138 4197 jacturam
1168 4126 1447 4196 irrecuperabilem
1482 4129 1555 4198 pnti-

483 4216 580 4273 untur,
606 4216 636 4265 et
660 4211 799 4281 perieulis
828 4228 858 4265 se
886 4218 1041 4280 exponunt,
1067 4210 1195 4280 ipsorum
1215 4229 1303 4266 more
1327 4213 1396 4282 qui,
1424 4213 1555 4267 vitantes

485 4294 641 4363 Scyllaeam
659 4294 839 4363 veraginem,
861 4295 892 4348 in
904 4294 1084 4365 Charybdim
1104 4294 1285 4364 impingunt.

515 4531 520 4557 ¹
532 4538 611 4592 polest
627 4531 770 4592 carminum,
783 4530 809 4576 in
826 4529 906 4592 orig.;
925 4545 979 4578 cor·
1032 4536 1115 4585 texts3
1134 4529 1265 4577 corrected
1279 4528 1349 4577 from
1361 4531 1436 4581 Bibl.
1451 4533 1518 4598 ch.
1531 4540 1558 4581 13

480 4611 563 4656 rected
577 4609 640 4657 from
652 4610 719 4657 Bibl.
732 4609 794 4671 llcg.
808 4608 872 4657 l3E.
884 4608 919 4656 ix.
928 4612 978 4657 aad
1030 4609 1059 4657 E.
1072 4610 1107 4656 ix.

480 4686 522 4733 the
534 4688 631 4748 printed
643 4696 717 4735 texts.
1062 4686 1188 4734 ‘videnlur
1201 4685 1228 4733 in
1242 4689 1313 4751 orig.
1324 4692 1383 4738 and
1397 4691 1446 4740 the
1458 4693 1561 4755 printed

513 4765 614 4813 2ὃίοἰι]
635 4766 977 4830 orig.andliibl.lleg.13
1029 4775 1114 4821 texts,
1142 4768 1276 4815 corrected
1295 4768 1371 4816 from
1398 4770 1473 4820 Bibl.
1499 4773 1560 4836 liefr.

479 4843 508 4890 E.
522 4842 557 4891 ix.
572 4846 691 4909 ;pcrhaps
704 4862 735 4894 nn
748 4861 816 4895 crror
829 4846 867 4895 sor
879 4850 894 4872 “
905 4847 975 4893 stric-
1031 4852 1059 4894 13
1071 4847 1100 4893 E.
1113 4845 1148 4893 ix.
1210 4860 1212 4864 ’

478 4930 493 4946 “
507 4923 579 4968 acrrr.''
1059 4931 1180 4976 5ωηιιὲιιιιι
1192 4929 1221 4976 in
1235 4931 1281 4979 the
1295 4933 1409 4994 printed
1423 4944 1503 4985 texts.

513 5004 521 5028 ³
534 5009 647 5065 temptare
655 5004 679 5051 in
687 5005 750 5068 orig.
762 5008 812 5056 and
824 5006 866 5056 the
877 5007 975 5070 printed
