3750 6250
507 1058 549 1121 12
844 1078 974 1127 recum
997 1077 1231 1130 wsrsrsousrs

334 1273 490 1329 3121qu
537 1256 657 1314 Transit
673 1278 765 1316 annus
782 1259 840 1317 iste
858 1262 985 1335 frugifer
1003 1268 1034 1319 et
1051 1262 1196 1329 fructifer,
1209 1262 1383 1336 opulentas
1401 1262 1551 1329 Bomtnis,
1564 1260 1669 1343 RQ}

500 1338 617 1412 Augus,
637 1349 668 1398 o
686 1343 817 1410 rmore,
837 1346 892 1401 sub
917 1347 1015 1418 quiete
1033 1353 1215 1413 moesus,
1235 1347 1389 1404 sumens
1405 1348 1505 1415 osam,
1523 1328 1625 1404 om
1636 1329 1669 1382 1³¹

499 1426 613 1482 cunctis
631 1427 801 1494 incredulis,
819 1431 951 1487 nocivus.
1565 1395 1669 1514 ἥδ

535 1508 621 1566 Anno
644 1513 748 1584 gretie
782 1514 940 1570 millesimo
975 1514 1175 1573 ducentesimo
1199 1516 1415 1588 septuagesimo
1439 1517 1551 1588 quinto,
1565 1528 1669 1581 Mani*

501 1594 553 1664 qui
583 1601 629 1651 est
661 1615 753 1653 annus
783 1599 869 1669 regni
897 1599 990 1671 Regis
1021 1600 1168 1665 Edwardi,
1194 1618 1212 1655 e
1245 1600 1424 1672 conquestu
1447 1600 1551 1665 Primi,
1565 1595 1629 1675 Res·
1644 1600 1669 1647 ¹³

500 1680 654 1746 secundus,
668 1681 725 1737 luit
736 1681 800 1737 Rex
811 1681 975 1739 Edwardus
987 1684 1025 1739 ad
1035 1684 1142 1741 Netale
1160 1685 1192 1740 in
1202 1684 1368 1751 Wusconie,
1382 1703 1450 1742 cum
1462 1702 1552 1741 uxore
1564 1660 1594 1713 F*
1606 1676 1645 1713 ¹¹·

500 1780 563 1820 sua.

334 1852 482 1906 Councilof
535 1848 601 1903 Hoc
625 1867 700 1904 auno
725 1848 888 1922 Gregorius
914 1851 996 1923 Papa
1022 1851 1172 1917 Decimus,
1199 1852 1348 1910 Kalendas
1373 1852 1454 1918 Maii,
1473 1851 1553 1924 opud
1565 1830 1669 1950 ffghffl

332 1919 426 1985 ΒΜ
500 1931 677 2002 Lugdunum
697 1934 840 1990 Generde
858 1935 1023 1992 Consilium
1040 1936 1217 2003 celebravit;
1246 1936 1283 1991 ed
1302 1936 1381 2008 quod
1398 1936 1495 1992 Graeci
1521 1937 1628 2044 etQ
1642 1915 1669 2018 lh

499 2015 614 2071 Tartari
640 2018 784 2074 solemnes
810 2021 931 2075 nuncios
957 2020 1192 2077 transmiserunt.
1231 2020 1327 2076 Graeoi
1353 2021 1391 2076 sd
1408 2021 1551 2076 unitatem
1564 2032 1594 2082 Ε,
1606 2048 1643 2083 u,

498 2100 639 2156 Ecclesiae
658 2119 689 2157 se
707 2102 804 2157 redire
823 2103 981 2175 spondent;
1009 2105 1039 2159 iu
1066 2104 1150 2175 cujus
1178 2104 1298 2161 evidens
1326 2106 1453 2175 siguum,
1481 2123 1551 2162 cum

498 2190 665 2240 cantaretur
678 2185 861 2257 Symbolum,
880 2187 1015 2243 hortante
1028 2188 1154 2244 Domino
1166 2188 1256 2260 Pspe,
1270 2188 1349 2244 hius
1364 2189 1431 2244 vice
1449 2189 1551 2244 nuncii

499 2288 602 2325 eorum
622 2271 694 2326 “Et
719 2272 752 2326 in
770 2272 925 2343 Spiritum,
946 2272 1106 2328 Dominum
1123 2272 1311 2337 vivicantem,
1334 2274 1385 2344 qui
1406 2290 1442 2327 ex
1461 2273 1551 2330 Putre

500 2356 519 2380 ‘⁶
539 2353 674 2425 Filioque
711 2356 874 2426 procedit,'’
916 2356 1134 2428 replicaverunt
1174 2357 1330 2413 celebriter
1365 2363 1396 2413 et
1436 2356 1551 2414 devoto.

496 2437 606 2493 Nunoii
632 2457 704 2495 vero
727 2438 935 2497 ¹Tartarorum
965 2442 1044 2497 inire
1064 2448 1182 2512 tempus
1211 2441 1337 2497 Consilii
1367 2440 1405 2495 ad
1429 2442 1551 2514 propria

496 2520 655 2578 redierunt.
690 2522 786 2578 Affuit
802 2524 844 2579 ibi
862 2525 1050 2597 praelatorum
1062 2542 1212 2590 numerus,
1227 2525 1381 2596 quingenti
1398 2524 1549 2598 Episcopi,

496 2602 626 2661 Abbetes
647 2606 804 2678 sexaginte,
831 2610 946 2679 praelati
964 2627 1034 2665 vero
1061 2609 1112 2664 alii
1137 2609 1217 2665 circu
1242 2608 1342 2675 mille;
1373 2607 1451 2667 unde
1475 2609 1552 2665 dixit

497 2688 619 2759 quidum
633 2712 679 2756 3-

639 2800 658 2823 “
672 2797 834 2868 Gregorius
852 2797 954 2853 Denus
973 2804 1135 2871 congreget
1152 2817 1238 2855 omne
1257 2798 1383 2871 genus.''

496 2895 545 2951 Ibi
566 2901 709 2952 statutum
735 2902 781 2952 cst
800 2896 877 2951 illud
895 2897 1021 2968 insigne,
1044 2904 1075 2953 et
1092 2914 1110 2951 s
1135 2903 1215 2953 retro
1242 2897 1359 2953 saeculis
1385 2895 1548 2963 insolitum,

493 2977 635 3047 ’scilicet
650 2981 728 3053 qnod
740 2999 841 3036 omnes
858 2989 988 3038 rectores
1006 2981 1101 3037 curati
1114 2981 1251 3053 deinceps
1261 2982 1358 3037 forent
1370 2980 1547 3037 sacerdotes.

494 3064 640 3122 Prohibiti
659 3071 728 3121 sunt
751 3070 782 3121 et
804 3064 917 3139 bigami
935 3066 1063 3140 primam
1085 3070 1238 3121 tonsuram
1262 3064 1395 3131 deferre3
1415 3070 1446 3120 ct
1467 3066 1547 3137 quod

493 3151 569 3207 nulli
580 3152 731 3207 hominum
743 3151 879 3224 deinceps
890 3151 980 3207 liceat
991 3151 1119 3207 decimas
1136 3169 1204 3206 suas
1216 3150 1254 3205 ad
1264 3150 1392 3216 libitum,
1406 3155 1440 3205 ut
1452 3157 1547 3217 antes,

494 3235 545 3292 ubi
557 3235 656 3303 vellet,
670 3237 838 3309 assignsrc;
859 3236 911 3292 sed
928 3235 1046 3292 matrici
1058 3236 1190 3291 ecclesiis
1209 3252 1310 3290 omnes
1329 3234 1459 3290 decimes
1477 3253 1546 3307 pcr-

494 3321 651 3377 solvercnt.
689 3322 757 3393 Ipse
783 3338 900 3393 quoque
925 3319 1087 3392 Gregorius
1107 3319 1252 3375 decimam
1275 3319 1463 3375 sexennslem
1482 3320 1548 3374 uni·

493 3406 601 3461 verseli
612 3406 753 3461 Ecclesiae
765 3405 922 3477 imposuit;
942 3405 1142 3476 pluralitatem
1153 3404 1362 3459 beneficiorum
1378 3410 1547 3458 curatomm

494 3488 652 3545 damnavit.
701 3489 825 3560 Aliquos
845 3495 939 3544 status
959 3488 995 3543 de
1014 3488 1173 3544 Ordinibus
1191 3487 1423 3544 Mendicantium
1442 3505 1547 3559 appro-

494 3573 583 3638 bavit,
597 3577 698 3644 utpote
710 3572 921 3628 Praedicatores
941 3579 971 3628 et
982 3571 1111 3628 Minores
1122 3595 1129 3639 ;
1149 3572 1263 3644 aliquos
1282 3571 1430 3634 toleravit,
1443 3577 1546 3643 utpote

494 3656 668 3711 Carmelitas
681 3664 711 3711 et
722 3656 967 3728 Angustinenscs.
1005 3657 1130 3727 Aliquos
1151 3657 1329 3729 reprobavit,
1343 3664 1377 3712 ut
1396 3655 1544 3721 Succinos,

494 3741 545 3812 qui
563 3739 751 3796 intitulantur
770 3739 835 3796 “de
855 3741 1062 3806 Poenitentia,”
1082 3741 1145 3796 sive
1167 3743 1186 3766 ‘⁴
1200 3739 1236 3795 de
1257 3740 1344 3797 Velle
1362 3737 1494 3805 Viridi,'’
1516 3744 1547 3795 et

493 3823 670 3879 consimiles.

527 3907 566 3962 Iu
589 3909 639 3963 via
668 3926 772 3963 versus
799 3906 880 3962 istud
907 3905 1090 3963 Consilium'
1103 3906 1205 3962 doctor
1234 3905 1411 3962 venerabilis
1441 3905 1547 3962 Frater

493 3992 619 4048 Thomas
629 3991 665 4047 de
677 3991 804 4063 Aquino,
818 3991 854 4045 de
874 3989 982 4046 Ordine
994 3990 1234 4055 Praedicatorum,
1257 3990 1288 4045 in
1306 3989 1431 4062 quedem
1449 3989 1547 4046 Abba·

492 4074 556 4132 thie
573 4073 780 4131 monachorum
798 4072 1049 4139 eisterciensium,
1072 4094 1137 4146 quae
1157 4073 1266 4130 dieitur
1288 4078 1306 4101 “
1318 4072 1410 4129 Fossa
1428 4072 1546 4140 Nove,”

492 4157 571 4217 diem
588 4157 695 4217 clausit
721 4165 893 4215 extremum.
944 4159 1037 4230 Cujus
1055 4164 1115 4214 tam
1134 4164 1228 4224 acuta,
1249 4163 1310 4214 tem
1328 4157 1456 4231 publica,
1476 4162 1548 4216 sunt

492 4250 688 4310 monumenta,
708 4250 743 4299 ut
761 4246 780 4270 ‘¹
794 4241 905 4299 Doctor
918 4243 1090 4300 Communis
1100 4244 1117 4267 ’¹
1137 4262 1155 4298 a
1172 4243 1246 4298 viris
1265 4240 1449 4298 scholasticis
1471 4260 1546 4298 nun-

492 4337 623 4403 cupetur.
661 4325 720 4386 Hie
730 4328 846 4384 natione
853 4327 1014 4400 'Apineris
1025 4325 1104 4383 filius
1115 4328 1239 4384 Comitis
1251 4328 1287 4382 do
1300 4327 1428 4399 Aquino,
1442 4327 1545 4384 invitis

491 4415 671 4486 parentibus,
693 4412 830 4485 quicum
848 4411 1018 4466 monachari
1042 4412 1188 4477 volebant,
1208 4411 1439 4466 Prsedicetorum
1459 4409 1546 4467 Ordi-

491 4511 558 4554 nem
577 4507 622 4555 est
639 4499 807 4570 ingressus:
837 4496 946 4551 missus
964 4513 1035 4551 vero
1054 4495 1091 4550 sd
1110 4495 1247 4551 Studium
1274 4492 1450 4560 Parisiense,
1477 4496 1545 4552 doc·

491 4589 603 4639 toratus
631 4577 756 4655 gradum
780 4581 887 4637 merito
913 4586 961 4636 est
984 4579 1116 4652 adeptus.
1174 4579 1269 4652 Super
1287 4574 1392 4634 Libros
1420 4579 1542 4636 Senten-

491 4667 598 4723 tiarum
617 4673 742 4739 quotuor
766 4667 877 4738 scripta
901 4665 989 4731 fecit3
1010 4665 1129 4736 scripsit
1155 4670 1186 4720 ct
1211 4663 1336 4736 primam
1363 4669 1477 4736 partem
1504 4663 1541 4720 de

534 4836 605 4842 ...—
615 4835 819 4841 ..—..—--——·-

517 4901 534 4966 '¹
556 4933 715 4984 Tarturorum
740 4931 860 4997 baptizoti
883 4941 906 4982 ct
923 4927 1015 5062 &fiai
1076 4929 1210 4981 ²Omitted
1222 4930 1247 4979 in
1260 4929 1302 4980 the
1313 4930 1414 4994 printed
1426 4938 1501 4981 texts.

493 5015 520 5067 iu
531 5009 573 5066 the
584 5013 684 5080 printed
695 5018 770 5062 texts.
1074 5012 1083 5041 ¹
1103 5009 1244 5075 Campanus
1255 5009 1282 5059 in
1293 5010 1336 5060 ihc
1347 5011 1447 5074 printed
1458 5017 1533 5062 texts.
