3750 6250
487 1096 530 1161 30
806 1108 938 1160 monn
954 1068 1192 1161 namneum

317 1299 625 1364 A,D.1sss,decimus‚
664 1300 802 1365 Karolus,
841 1300 920 1355 illins
948 1300 1051 1356 Karoli
1088 1301 1182 1372 Regis
1213 1300 1358 1372 quondam
1394 1298 1690 1427 ’ΒὶοἱὶίἣΒΙιΙιιπῑῗ

485 1384 627 1457 Princeps
645 1385 774 1451 Achaim,
795 1392 968 1456 procurante
981 1385 1064 1457 Bega
1076 1386 1203 1456 Anglire
1222 1386 1366 1441 liberatur
1382 1401 1401 1440 a
1417 1401 1536 1441 carcere
1547 1376 1614 1432 MR.

318 1482 464 1533 chamos
485 1468 539 1525 sub
569 1470 622 1525 hoc
649 1470 757 1535 forma3
786 1468 934 1533 videlicet,
961 1470 1040 1540 quod
1069 1469 1138 1525 dota
1154 1470 1231 1541 Regi
1254 1470 1427 1540 Arragonise
1454 1473 1536 1523 certa
1547 1443 1654 1561 ἵξῃ,

317 1549 451 1628 belluini!
485 1571 600 1609 summa
617 1554 757 1625 pecunius,
788 1572 840 1625 pse
862 1554 990 1608 Karalus
1009 1572 1026 1608 a
1044 1554 1170 1609 Domino
1188 1554 1268 1626 Papa
1285 1571 1387 1626 pacem
1405 1552 1536 1623 Arrago·
1618 1549 1623 1559 '

319 1617 446 1668 hm‘d·
484 1637 623 1692 nensibus
642 1638 828 1709 impetraret3
850 1638 982 1709 quamsi
1007 1639 1085 1692 infra
1108 1639 1267 1693 terminum
1293 1638 1453 1694 limitatum
1480 1638 1536 1691 im·

484 1728 600 1794 patrare
617 1740 674 1776 non
692 1727 799 1794 posset,
819 1721 930 1777 rediret
947 1721 985 1777 ad
1003 1739 1158 1777 carcerem.
1197 1722 1308 1790 Quibus
1321 1721 1536 1777 conditionibus

481 1807 649 1877 juramento
674 1806 807 1869 firmatis,
828 1805 945 1860 tradere
972 1806 1097 1861 debebat
1122 1805 1251 1861 Karalus
1276 1811 1337 1861 tres
1364 1806 1440 1861 filios
1466 1821 1537 1860 suos

485 1889 610 1954 obsides,
630 1896 661 1945 et
677 1889 750 1944 alios
768 1889 877 1944 milites
895 1890 1008 1945 nobiles
1028 1890 1238 1962 quadraginta3
1258 1907 1312 1961 pro
1330 1890 1447 1960 quibus,
1466 1907 1538 1960 quo·

484 1990 578 2045 usque
602 1975 746 2037 venirent,
780 1974 844 2028 Rex
871 1974 999 2044 Angliae‚
1042 1975 1247 2029 liberationem
1275 1973 1379 2028 Karoli
1406 1972 1536 2029 ’eccela'

484 2074 562 2122 rans,
579 2058 694 2112 nobiles
712 2058 791 2112 viros
810 2057 861 2128 qui
880 2076 980 2112 seeum
999 2061 1091 2122 erant,
1109 2057 1225 2113 obsides
1249 2057 1381 2121 tradidit
1402 2063 1432 2113 at
1449 2073 1537 2129 pecu·

484 2143 573 2205 niam,
594 2159 688 2213 usque
708 2141 746 2195 nsi
764 2142 887 2213 triginta
903 2143 998 2196 millia
1015 2142 1166 2205 librarum,
1187 2141 1337 2213 persolvit.
1374 2142 1537 2213 Postquam

318 2252 426 2301 ΗΜ
437 2251 459 2301 1,
486 2234 584 2282 autem
602 2227 656 2281 fllii
682 2225 785 2281 Karoli
803 2232 953 2290 uenerant,
980 2227 1043 2281 ltex
1066 2226 1194 2296 Anglisn
1214 2226 1358 2282 militibus
1384 2226 1446 2281 suis
1466 2226 1538 2280 libe·

319 2334 429 2368 meumes
485 2311 568 2374 ratis,
589 2311 619 2365 in
636 2311 821 2367 Wasconiam
834 2311 1003 2374 revertitur,
1018 2317 1048 2365 et
1060 2310 1138 2381 apud
1150 2309 1330 2365 Blaukforde
1349 2309 1454 2365 Orncis
1473 2327 1537 2365 sus·

319 2385 454 2435 theom·
486 2396 565 2465 cepit
581 2394 813 2459 'characterem
842 2412 967 2465 moxque
990 2393 1110 2448 Judaeos
1129 2411 1239 2458 omnes,
1265 2401 1404 2464 tanquam
1430 2393 1537 2448 Crucis

319 2488 466 2551 Expelsrhe
486 2480 594 2542 hostes,
614 2479 727 2549 expulit
743 2479 780 2533 do
801 2480 956 2534 Wasconia
974 2485 1004 2533 at
1029 2479 1094 2533 aliis
1114 2480 1201 2533 torris
1227 2480 1289 2534 suis
1309 2478 1443 2532 omnibus
1463 2495 1537 2550 quas

317 2555 387 2604 ΜΒ
399 2554 463 2631 imm
487 2565 517 2619 in
536 2581 628 2633 ragno
641 2564 771 2618 Froneite
789 2563 967 2635 possidebat.

318 2621 467 2686 ⁶⁸³⁰⁰¹3m²
523 2648 657 2713 Interim,
678 2649 773 2703 Resus
800 2648 877 2702 iilius
901 2647 1053 2702 Mereduci
1078 2647 1216 2703 Walliam
1240 2646 1443 2712 conturbavit;
1465 2645 1538 2700 ⁴im·

486 2750 618 2804 pugnare
638 2732 728 2802 erepit
746 2732 844 2801 aliqua
860 2731 952 2801 Regis
971 2737 1075 2784 castra.

318 2821 429 2886 Tripolis
522 2817 566 2870 llo
584 2822 725 2887 tempere,
745 2816 883 2887 Tripolis,
904 2816 1009 2870 civitas
1021 2815 1226 2880 transmarina,
1240 2833 1259 2869 a
1272 2815 1398 2870 Soldano
1410 2811 1536 2887 capitur,

319 2891 445 2954 capturul.
487 2901 539 2971 qui
557 2901 635 2954 etin
654 2918 688 2953 ea
706 2900 798 2954 multa
816 2899 1052 2954 Christianorum
1076 2900 1169 2953 millia
1186 2899 1363 2956 trucidavit:
1392 2917 1427 2953 ex
1451 2899 1538 2969 cujus

486 2984 618 3056 captione
637 2984 734 3038 territi
747 2983 917 3048 Christiani,
938 2983 990 3053 qui
1003 2989 1086 3038 erant
1104 2983 1135 3036 in
1146 2982 1255 3048 Accon,
1275 3001 1293 3037 a
1306 2982 1433 3038 soldano
1451 2983 1538 3038 indu·

486 3068 547 3125 eins
563 3068 723 3140 impetrant
738 3068 897 3122 biennales.

319 3171 442 3222 Tmm.
522 3154 580 3208 l‘cr
608 3153 686 3208 idem
715 3158 841 3224 tempus,
873 3151 1047 3206 lidmundus
1075 3151 1180 3206 Comes
1208 3151 1373 3218 Cornubire,
1400 3153 1449 3207 eui
1473 3152 1537 3208 Rex

321 3237 386 3286 unns
398 3239 424 3287 in
487 3237 604 3309 Anglim
622 3239 654 3292 in
672 3255 726 3292 sua
743 3238 875 3293 absentia
892 3237 977 3307 regni
996 3237 1183 3290 commiserat
1199 3235 1372 3302 custodiam,
1394 3254 1538 3308 magnum

323 3305 412 3355 ww·
486 3322 569 3377 dnoit
587 3322 747 3376 exercitum
765 3321 796 3375 in
814 3320 952 3376 Walliam
971 3326 1072 3374 contra
1093 3319 1214 3374 Resum.
1253 3319 1328 3375 Cum
1348 3326 1449 3376 autem
1474 3338 1538 3377 eas·

486 3413 565 3462 trum
584 3406 620 3459 ilo
639 3405 809 3470 llrnsselan,
833 3404 911 3474 quod
930 3411 995 3458 erat
1013 3403 1093 3468 Resi,
1116 3403 1274 3468 obsideret,
1300 3410 1331 3460 et
1350 3422 1451 3460 muros
1472 3406 1538 3476 ejus

487 3490 592 3544 suffodi
613 3491 732 3549 luceret.
755 3506 824 3542 casu
846 3488 965 3541 illorum
990 3487 1097 3552 subito,
1119 3489 1166 3541 vir
1186 3489 1293 3542 nobilis
1314 3489 1482 3544 Willelmus
1502 3490 1538 3544 de

487 3574 587 3628 Monte
618 3572 739 3636 earini,
772 3573 881 3644 aliique
911 3570 1020 3626 milites
1051 3572 1172 3643 plurimi
1203 3579 1233 3626 et
1263 3573 1405 3638 scutiferi,
1441 3575 1539 3646 oppri-

488 3667 617 3712 mnntur.

323 3745 452 3800 lneendla·
525 3742 591 3796 Hoc
610 3759 692 3799 anuo.
712 3739 842 3809 armiger
858 3739 988 3810 qnidam.
1009 3740 1106 3795 dictus
1125 3743 1145 3767 “
1159 3740 1305 3796 Robertus
1318 3741 1538 3808 Camerarius,”

320 3818 418 3867 limi
490 3844 556 3881 curn
576 3826 638 3879 suis
663 3824 855 3895 muliplicibus
874 3842 943 3878 vere
970 3823 1166 3889 demoniacis,
1192 3825 1318 3880 tentoria
1342 3831 1539 3882 mercatorum

327 3888 425 3936 ΜΝ·
488 3909 566 3982 apud
586 3911 725 3964 Sanctum
753 3908 939 3978 lintulphum,
967 3913 997 3962 et
1023 3909 1221 3974 mercimonia,
1251 3910 1408 3965 incendens
1432 3910 1539 3968 diffuso

488 3994 566 4065 igne,
580 3992 842 4063 rnugunrn'parleru
856 3991 936 4046 ville
950 3998 981 4046 et
993 3992 1145 4046 ecelesiam
1161 3992 1298 4047 Fratrum
1305 3993 1540 4051 Praedioatorum

488 4079 657 4134 ‹nnnbnssit
699 4077 732 4129 lu
752 4076 877 4130 (liversis
897 4092 1002 4146 nempe
1020 4075 1101 4131 villus
1118 4075 1191 4131 locis
1210 4077 1311 4146 ignem
1329 4085 1538 4148 apposuerunt,

487 4169 522 4217 ut
540 4162 595 4234 ipsi
615 4160 738 4215 liberius
757 4166 875 4230 possent
893 4158 1011 4213 residua
1031 4159 1166 4229 spoliare.
1205 4159 1342 4230 Dumque
1361 4168 1539 4219 mercatores

489 4265 540 4317 pro
559 4244 705 4299 mercibus
725 4244 786 4296 siris
806 4243 954 4297 sarirnudis
973 4249 1003 4296 et
1022 4243 1218 4312 extinguendo
1237 4242 1307 4313 igne
1326 4243 1538 4313 discurrerent,

489 4349 540 4400 pru·
559 4330 669 4384 ilicium
683 4327 862 4395 nrunigeruur
882 4336 912 4381 et
925 4344 993 4380 suos
1014 4327 1206 4381 trucidant-ur.
1244 4326 1406 4382 Dicebatur
1422 4347 1538 4397 revera,

489 4414 565 4482 qrrorl
584 4420 646 4467 lota
664 4411 787 4483 periuria
803 4410 918 4478 Angliu*
938 4410 987 4465 rix
1008 4416 1188 4465 restauraret
1205 4410 1311 4465 damna
1327 4411 1438 4468 ibidem
1450 4416 1537 4470 facta.

489 4496 653 4550 l'urunbnut
679 4512 805 4565 rnunque
831 4494 930 4551 rivuli.
957 4494 1089 4564 argentei
1115 4502 1144 4550 et
1169 4494 1260 4561 aurei,
1292 4501 1322 4551 ot
1351 4497 1539 4556 metallorum

491 4579 632 4637 l'nsilirnu.
655 4599 746 4649 usque
768 4579 794 4632 iu
814 4596 903 4631 muru.

528 4662 595 4717 luit.
612 4671 709 4717 autiun
729 4663 781 4716 bor
801 4680 884 4726 ruunt,
907 4662 937 4716 iu
958 4661 1077 4733 Anglia,
1098 4669 1178 4718 tauta
1199 4664 1320 4736 frugum
1350 4665 1537 4733 abundantia,

799 4842 975 4853 ...ιι-ι...-

525 4926 639 4976 “(“ι“ι·ι“1ἱιτ
653 4927 754 4991 iuorlp.
1064 4930 1270 4999 ‘inpupnurcque
1304 4932 1331 4982 in
1367 4934 1411 4985 the
1438 4937 1540 5001 printed

521 5008 653 5057 *lunensi
666 5006 691 5056 lu
703 5022 716 5057 u
731 5007 791 5057 inlu·
804 5006 878 5058 boul.
1032 5019 1106 5061 texts.

525 5092 689 5138 *errrurlrrrm
703 5085 728 5134 lu
741 5087 805 5151 arip.
