3750 6250
496 1026 537 1088 10
829 1034 959 1086 THOMAE
981 1032 1216 1085 wensnlmmr

370 1212 439 1265 Ᾱ·Ῑ)·
494 1225 607 1281 Deinde
624 1225 745 1287 reversi,
765 1224 884 1297 pecifioe
902 1223 1023 1279 falconis
1041 1222 1138 1278 relicti
1162 1222 1272 1294 pariter
1289 1238 1391 1277 curam
1408 1225 1542 1292 egerunt.
1556 1236 1611 1291 ΒΜ

352 1282 458 1343 ¹²⁷²’3'
494 1310 568 1365 Haee
593 1309 629 1363 de
654 1308 785 1366 moribus
811 1315 841 1365 et
867 1307 1063 1363 adolescentia
1085 1307 1139 1361 filii
1163 1306 1255 1377 Regis
1274 1306 1397 1362 Henrici
1420 1322 1544 1362 cemme-
1556 1305 1611 1359 MS.

494 1395 682 1460 morevimus,
702 1412 739 1449 ne
757 1394 882 1465 posteris
901 1398 986 1464 gesta
1003 1393 1074 1448 teliu
1092 1392 1151 1448 sint
1168 1391 1277 1463 ignota.
1557 1373 1611 1489 ἓθξ

530 1479 647 1536 Transit
676 1498 767 1535 annus
797 1480 853 1535 isto
883 1478 1010 1548 frugifer
1039 1483 1070 1532 et
1099 1477 1233 1531 fructifer
1262 1476 1339 1533 inter
1368 1482 1544 1547 utrumque3
1582 1479 1588 1491 ‘

495 1564 633 1619 Romanis
661 1563 868 1627 ¹desideratus,
895 1567 1015 1635 propter
1041 1560 1293 1616 intronizationem
1319 1559 1426 1631 Pepae3
1450 1560 1546 1616 tristis

495 1648 593 1704 Terrae
607 1648 729 1712 Sancte,
749 1654 869 1719 propter
885 1645 1058 1701 'abcessum
1077 1645 1222 1702 exercitus
1241 1643 1418 1711 Christiani3
1439 1644 1545 1717 englis

494 1732 590 1796 laetus,
609 1739 728 1805 propter
746 1732 918 1787 electionem
930 1729 1023 1801 Regis
1041 1730 1118 1785 novi.

328 1824 487 1888 Rudolphof
529 1818 614 1871 Anno
641 1817 744 1887 gratim
771 1816 929 1871 millesimo
960 1814 1158 1870 ducentesimo
1189 1814 1404 1888 septuagesimo
1430 1822 1543 1887 quarte,
1558 1826 1611 1880 Ms,

328 1891 463 1958 H⁸P⁸b¹118
496 1902 546 1972 qui
571 1906 617 1956 est
646 1918 737 1956 eunus
764 1898 911 1962 Edwardi,
938 1917 957 1954 a
981 1898 1158 1970 Conquaestu
1183 1898 1286 1963 Primi,
1313 1900 1435 1970 primus,
1467 1892 1611 1973 prin-Rea

327 1958 421 2073 ἔξω
495 1986 574 2057 cipes
593 1985 768 2050 Teutonieae,
789 1989 996 2054 cognoscentes
1019 1984 1164 2039 veraciter
1187 1989 1336 2038 mortuum
1360 2001 1423 2039 esse
1445 1960 1608 2039 Domi-1²¹

375 2041 454 2089 pem
493 2088 565 2124 num
589 2068 758 2133 Ricardum,
785 2068 899 2139 Regem
922 2066 1112 2132 Alemanniaa
1143 2067 1288 2139 quondam
1313 2068 1433 2122 fratrem
1452 2067 1545 2139 Regis

492 2153 658 2225 Anglorum
687 2152 820 2217 Henrici,
852 2157 1050 2207 convenerunt
1079 2152 1110 2205 in
1140 2170 1241 2216 unum,
1272 2156 1303 2206 et
1338 2151 1544 2222 'Radulphum
1556 2162 1611 2213 Risl

493 2238 529 2291 do
552 2237 641 2292 Assio
665 2236 810 2292 Comitem
834 2235 973 2306 Ruphum
991 2236 1144 2305 elegerrmt
1162 2236 1193 2289 in
1211 2235 1420 2307 Imperatorem
1439 2235 1544 2291 Roma·
1556 2230 1611 2282 MS·

493 2338 614 2387 norum;
641 2321 693 2393 qui
718 2337 792 2375 anno
813 2319 915 2375 eodem
933 2320 965 2375 in
983 2319 1097 2390 Regem
1114 2318 1294 2375 Alemanniae
1313 2318 1480 2375 solemniter
1498 2338 1544 2376 oo·
1556 2296 1611 2414 ξθξ

492 2411 621 2461 ronetur.
1580 2402 1611 2415 '⁴

325 2504 436 2557 Edam
528 2488 690 2545 Rdwardus
710 2488 773 2559 jam
796 2488 859 2543 Rex
877 2487 994 2558 Anglies
1012 2489 1216 2560 praesignatus,
1237 2488 1307 2543 dum
1322 2506 1443 2543 vmorem
1466 2490 1545 2560 apud

325 2574 410 2623 leaves
492 2574 610 2630 ⁴Aeson
627 2574 745 2637 feceret,
760 2578 790 2628 et
802 2571 1034 2627 Christianorum
1054 2591 1087 2629 ac
1104 2574 1291 2627 Turtarorum
1309 2573 1417 2628 auxilia
1435 2574 1546 2630 frustra

326 2639 603 2718 Sylissiffl'ddiutius
631 2662 804 2730 expectaret,
834 2656 956 2711 consilio
982 2657 1064 2721 inito,
1095 2657 1207 2712 relictis
1237 2658 1274 2713 ed
1304 2658 1401 2712 Terrae
1430 2658 1545 2715 Sancte

325 2721 429 2839 {mi}
493 2743 690 2798 defensionem
708 2740 915 2812 stipendiariis,
935 2759 1025 2795 naves
1048 2742 1260 2812 repatriaturos
1284 2742 1457 2811 ingreditur,
1478 2762 1543 2799 our·

431 2814 436 2825 ⁸
494 2846 586 2898 suque
613 2826 739 2881 velivolo
759 2825 890 2881 Siciliam
914 2843 1008 2895 usque
1033 2827 1184 2898 pervenit;
1210 2826 1261 2880 ubi
1289 2845 1307 2880 a
1325 2827 1405 2898 Rege
1431 2827 1543 2883 Kerolo

493 2913 649 2967 honorifice
677 2916 829 2981 susceptus
856 2914 910 2964 est.
950 2909 1082 2980 Cumque
1106 2929 1158 2982 per
1182 2911 1244 2965 dies
1263 2911 1375 2981 aliquot
1391 2913 1544 2968 recreandi

494 2998 591 3066 gratia
608 3015 640 3052 ae
659 3002 689 3050 et
706 3013 774 3050 suos
793 2994 902 3049 ibidem
920 2995 1119 3059 continuisset,
1133 3013 1265 3049 rumores
1283 2996 1378 3066 primo
1396 2995 1431 3050 de
1449 3003 1544 3052 morte

494 3082 549 3137 filii
567 3082 612 3138 sui
631 3080 763 3144 Hemici,
784 3097 817 3136 ac
835 3079 1020 3151 postmodum
1041 3079 1078 3136 de
1095 3086 1188 3135 morte
1207 3080 1307 3151 petris,
1328 3080 1448 3152 accepit.
1488 3081 1545 3150 Qui

494 3167 564 3223 dum
581 3173 705 3222 mortem
722 3165 815 3237 patris
833 3166 935 3219 anxius
955 3182 1042 3236 quam
1061 3165 1115 3219 filii
1128 3165 1174 3219 sui
1185 3165 1345 3235 plangeret,
1360 3184 1377 3219 e
1389 3165 1471 3236 Rege
1484 3165 1544 3221 Ka·

493 3252 564 3316 rulo,
586 3251 650 3305 viee
669 3248 858 3304 consolatoris
877 3249 1041 3312 assistente,
1067 3249 1284 3320 plurimumque
1302 3251 1435 3314 mirante,
1456 3268 1545 3321 super

493 3335 547 3389 hoc
570 3334 742 3404 requisitus,
771 3333 879 3387 dieitur
906 3333 1306 3404 respondisse;-“Jeeture,
1327 3332 1451 3387 Domine
1469 3333 1542 3398 Rex,

495 3423 513 3444 “
533 3419 660 3473 filiorum
678 3417 773 3472 facilis
798 3423 852 3479 est,
879 3434 946 3471 cum
977 3417 1083 3471 cotidie
1114 3418 1362 3488 multiplicentur:
1388 3423 1545 3489 perentum

495 3505 512 3527 “
532 3520 602 3556 vero
620 3518 699 3555 mors
717 3500 941 3555 irremediabilis
961 3506 1014 3562 est,
1036 3501 1105 3570 quie
1122 3508 1271 3572 nequeunt
1288 3501 1477 3556 restaurari.'’

527 3584 655 3638 Kerolus
683 3588 780 3637 autem
807 3584 870 3637 Rex
894 3583 1091 3638 discedentem
1116 3585 1290 3639 Rdwurdum
1322 3585 1443 3640 conduci
1474 3586 1546 3642 lecit

492 3687 544 3738 per
562 3668 716 3730 Kerolum,
736 3667 829 3722 filium
849 3686 944 3731 suum,
965 3687 1058 3739 usque
1085 3669 1122 3724 ad
1148 3670 1266 3724 ultimos
1291 3670 1431 3724 terminos
1458 3673 1545 3742 regni

492 3753 548 3808 eui.
587 3752 662 3807 Cum
681 3758 778 3806 autem
796 3752 983 3808 edVeterem
995 3753 1115 3819 Urbem,
1129 3755 1180 3808 ubi
1199 3754 1279 3824 Pepe
1296 3772 1362 3808 eum
1382 3773 1435 3809 sua
1453 3755 1546 3812 (luris

491 3836 647 3899 residebat,
673 3836 847 3900 advenisset,
875 3838 1094 3892 occurrentibus
1122 3838 1149 3892 ei
1169 3837 1372 3893 Cardinalibus
1397 3840 1541 3904 omnibus,

492 3939 560 3976 cum
577 3921 685 3974 honore
703 3921 828 3974 marimo
848 3920 884 3974 ad
897 3921 1015 3976 Domini
1027 3921 1115 3993 Papae
1134 3923 1318 3992 praesentiam
1331 3929 1377 3978 est
1388 3924 1540 3980 deductus.

492 4005 548 4061 Oui
579 4022 666 4076 super
696 4011 788 4059 morte
819 4007 1028 4075 consanguinei
1062 4007 1117 4069 sui,
1145 4006 1267 4061 Henriei
1297 4008 1333 4061 do
1358 4007 1541 4075 Alemannis,

492 4090 607 4145 anxiam
632 4089 767 4161 deposuit
785 4089 1011 4158 querimoniam
1041 4108 1128 4160 quem
1154 4108 1212 4144 non
1237 4091 1322 4145 modo
1347 4093 1378 4145 in
1404 4093 1543 4148 offensam

488 4176 566 4244 juris
585 4175 705 4230 humani
718 4192 736 4227 a
749 4173 895 4243 Gwydoue
908 4173 944 4227 de
957 4174 1056 4228 Monte
1069 4175 1160 4238 Porti,
1176 4176 1246 4230 dum
1259 4176 1417 4230 Missurum
1437 4178 1542 4231 solem-

491 4261 548 4314 niis
578 4259 738 4322 assisteret,
770 4257 920 4312 constabat
955 4258 1151 4323 intersectum,
1190 4259 1242 4314 sed
1277 4261 1308 4314 in
1344 4267 1542 4332 contemptum

325 4331 460 4397 ΤῙΙΕῙὈΡθ
491 4344 631 4399 Ecclesiae
660 4351 689 4399 et
716 4343 884 4398 scandalum
911 4343 1036 4397 nominis
1056 4342 1224 4399 Christiani.
1263 4345 1344 4415 Pepa
1361 4347 1462 4415 igitur,
1483 4348 1542 4402 hiis

324 4415 467 4516 {ffffismu'
491 4436 660 4494 commotus,
682 4428 850 4484 Gwidonom
875 4429 1144 4492 excommunicavit,
1171 4436 1200 4483 et
1224 4447 1322 4483 omnes
1347 4431 1471 4484 eundem
1496 4450 1541 4486 re·

325 4532 409 4583 fluido
420 4535 450 4582 de
491 4519 654 4583 ceptantes;
676 4520 712 4577 et,
729 4531 879 4584 quousque
898 4514 1038 4568 Ecclesiae
1057 4515 1220 4577 satisfieret,
1241 4520 1334 4569 terras
1353 4534 1454 4570 eorum
1473 4535 1540 4588 eup-

325 4599 454 4653 Montfort.
489 4598 587 4669 posuit
605 4598 774 4653 interdicto.
821 4598 981 4653 Discedens
1007 4599 1131 4670 denique
1150 4599 1311 4654 Edwardus
1333 4619 1350 4654 a
1369 4599 1466 4666 Curis,
1487 4620 1540 4673 per

740 4761 996 4766 .—.----....-——
1074 4762 1130 4766 -—-
1163 4763 1174 4765 -
1368 4761 1535 4769 —n—

525 4846 665 4896 ¹desiderot
690 4847 716 4895 in
739 4848 811 4912 orig,
840 4848 991 4899 desideratus
1075 4851 1539 4917 ³Meaning,Rudolphofllepsburg.

492 4929 518 4976 in
530 4929 572 4977 the
584 4927 685 4990 printed
696 4935 768 4976 texts.
1074 4931 1169 4979 *Acron
1182 4931 1208 4979 in
1220 4932 1263 4982 the
1274 4931 1374 4995 printed
1384 4939 1458 4981 texts.

525 5010 535 5036 ²
546 5006 673 5056 discessum
686 5007 712 5055 in
724 5007 767 5055 the
778 5007 877 5069 printed
888 5014 963 5058 texts.
