3750 6250
710 1080 873 1132 meroen
895 1081 1102 1131 ananiense.
1386 1066 1429 1133 73

260 1264 367 1332 Rhoge.
385 1264 511 1338 populns
529 1264 709 1337 Anglicanus
736 1266 812 1337 Regi
833 1266 985 1322 denarium
1014 1283 1121 1322 nonum
1141 1265 1281 1320 bonorum
1302 1281 1430 1327 suorum,
1485 1263 1555 1316 Aa).

260 1329 357 1384 ΜΝ·
386 1349 483 1405 clerus
512 1368 582 1405 vero
613 1351 830 1406 cantuariensis
864 1351 1019 1417 decimum,
1048 1357 1079 1406 et
1114 1349 1210 1405 clerus
1239 1346 1431 1404 Rboracensis
1447 1336 1597 1383 mmm·

260 1398 330 1517 ἔζη
386 1435 530 1504 quintum,
557 1435 626 1505 quia
643 1435 760 1506 propior
778 1433 883 1490 damno
901 1435 966 1489 fuit.

421 1516 573 1572 Mandavit
584 1525 681 1573 autem
705 1518 768 1572 Rex
790 1519 906 1589 Angliae
924 1536 959 1572 eo
977 1523 1106 1590 tempore
1130 1516 1293 1573 comitibus
1311 1522 1341 1571 et
1352 1533 1433 1587 mag·
1445 1515 1500 1567 The
1512 1516 1599 1567 nobles

385 1602 502 1657 reatibus
521 1607 607 1657 terra)
626 1621 695 1666 suae,
719 1609 752 1657 ut
769 1604 941 1658 assisterent
959 1602 1068 1658 Comiti
1087 1602 1122 1656 do
1140 1602 1295 1666 Warenna,
1310 1600 1432 1656 Custodi
1445 1584 1600 1650 ⁰fE¹¹8¹²¹¹d

388 1685 502 1750 Scotiae,
516 1685 554 1740 ad
572 1685 819 1757 comprimendum
840 1686 1012 1742 rebelliones
1035 1685 1205 1751 Scotorum
1224 1685 1377 1757 praefigens
1390 1685 1432 1739 eis
1446 1666 1560 1768 ffim'

387 1770 544 1825 terminum
580 1769 704 1825 Oetabas
741 1771 839 1825 Sancti
881 1769 1012 1834 Hillarii,
1049 1771 1080 1825 in
1116 1789 1173 1842 quo
1209 1769 1302 1842 parati
1339 1770 1600 1851 forentaggimtffie

387 1853 520 1917 Eboraci,
552 1861 652 1909 contra
681 1854 779 1909 hostes
798 1854 921 1908 ulterius
941 1855 1142 1926 progressuri;
1170 1853 1207 1909 od
1235 1870 1322 1923 quem
1355 1852 1433 1906 diem
1446 1853 1526 1904 scon

387 1944 417 1993 et
443 1937 540 1992 locum
573 1937 722 1992 mandavit
751 1938 910 2009 majoribus
943 1938 1058 2002 Section,
1086 1945 1119 1993 ut
1136 1939 1284 2002 venirent5
1304 1936 1433 2006 alioquin

387 2020 485 2076 hostes
510 2020 619 2092 publici
638 2021 821 2076 haberentur.

422 2104 500 2160 Ante
517 2104 622 2160 Natale
641 2104 768 2168 Domini,
789 2106 933 2160 Robertus
955 2106 1084 2170 clifford,
1110 2106 1194 2160 miles
1213 2106 1346 2168 illustris,
1367 2120 1433 2159 eum
1446 2108 1541 2159 Robert

387 2196 504 2244 centnm
540 2190 668 2253 armatis,
701 2190 752 2259 qui
788 2196 871 2244 erant
900 2191 930 2244 in
960 2190 1095 2260 proesidio
1128 2190 1255 2245 civitatis
1291 2187 1432 2252 Karleoli,
1446 2174 1553 2226 Cliffffll

389 2273 516 2329 Scotiam
541 2275 701 2343 ingressus,
734 2273 827 2328 caedes
857 2280 887 2328 et
912 2274 1046 2329 incendia
1075 2275 1212 2338 exercuit,
1241 2281 1278 2339 et,
1311 2272 1435 2328 abducta
1446 2257 1573 2360 fflssffidu

388 2357 486 2428 prada
504 2375 618 2428 magna,
639 2357 810 2412 Karleolum
828 2365 874 2412 ast
891 2375 1035 2413 reversus.

423 2443 542 2497 'I‘ransit
564 2459 655 2496 annus
680 2442 736 2496 iste
765 2458 819 2513 pro
843 2443 966 2513 penuria
990 2443 1110 2513 frugum
1127 2441 1320 2508 illaudabilis;
1358 2441 1436 2497 clero

388 2525 504 2597 Angliae
517 2524 718 2596 importabilis,
739 2525 861 2595 quiade
885 2525 1062 2595 protectione
1081 2526 1164 2597 regia
1180 2532 1226 2581 est
1243 2526 1386 2588 exclusus,
1407 2531 1438 2579 et

390 2627 441 2680 per
459 2609 573 2680 Regem
596 2608 784 2663 nihilominus
803 2607 1003 2678 depraedatum
1023 2608 1130 2680 Anglis
1148 2611 1179 2664 in
1196 2610 1359 2674 wasconia,
1374 2610 1436 2665 sive

391 2693 496 2756 Scotin,
523 2693 726 2756 infortunatus,
747 2693 816 2762 quia
834 2692 864 2745 in
888 2698 1011 2763 utraque
1040 2694 1159 2764 regione
1177 2694 1301 2765 populus
1319 2693 1436 2765 Anglim

390 2784 434 2832 est
459 2783 640 2848 prostratus;
669 2776 800 2847 Regibus
824 2774 941 2846 Anglioe
969 2783 999 2830 et
1019 2776 1150 2832 Francia
1179 2778 1321 2833 sollicitus
1345 2784 1375 2833 et
1395 2778 1436 2832 la-

390 2860 540 2925 boriosus;
561 2860 788 2915 Flandrensibns
808 2861 879 2916 satis
898 2860 1001 2925 laetus;
1022 2860 1074 2915 sed
1094 2861 1259 2917 infidelibus
1277 2863 1435 2932 inquietus.

264 2930 363 2996 ildliitl·
424 2945 508 3001 Anno
527 2944 645 2999 Domini
669 2944 825 2999 millesimo
851 2944 1049 2999 ducentesimo
1061 2946 1250 3015 nonagesimo
1273 2964 1357 3010 nono,
1384 2946 1592 3021 qnithpm.

263 2999 340 3121 ἕῳ
391 3036 435 3085 est
458 3047 550 3084 annus
575 3028 659 3098 regni
684 3028 763 3098 regis
788 3027 934 3091 Edendi,
955 3045 972 3081 a
991 3027 1167 3098 Conquaestn
1200 3029 1303 3092 Primi,
1332 3029 1435 3084 vicesi·
1448 3023 1581 3088 1³0⁵¹¹¹⁸¹f⁰r

314 3112 320 3123 ’
391 3131 454 3169 mus
486 3121 593 3176 sextus,
626 3113 683 3168 fuit
713 3112 790 3167 idem
821 3112 883 3167 Rex
918 3111 955 3167 ad
985 3111 1090 3167 Natale
1121 3113 1151 3167 in
1181 3112 1327 3178 Flandria,
1359 3112 1436 3185 apud
1448 3105 1523 3207 {affl
1531 3091 1602 3141 Μαάθ
1634 3138 1638 3147 ’

263 3181 578 3273 ”lumbardorum
610 3196 648 3251 ad
683 3213 770 3267 quem
800 3204 950 3259 uerierunt,
983 3197 1014 3250 in
1043 3198 1117 3252 festo
1149 3198 1320 3252 Sanctorum
1350 3198 1435 3252 Inno-
1449 3172 1537 3288 Ρζρθθ

263 3248 364 3315 Hs'flffil·
391 3285 527 3346 centium,
541 3282 686 3352 Magister
698 3280 815 3336 Ordinis
834 3280 1061 3335 Praedicatorum
1084 3288 1114 3336 et
1137 3280 1273 3336 Minister
1286 3282 1436 3337 Generalis
1520 3262 1526 3275 ⁸

264 3315 341 3443 {hiim
392 3366 528 3423 Fratrum
570 3364 736 3429 Minorum;
769 3364 824 3418 sub
868 3364 970 3418 eadem
1006 3366 1099 3418 forma
1135 3384 1193 3436 qna
1222 3372 1288 3420 ante
1325 3366 1437 3436 Regem

392 3451 530 3513 Franciae,
569 3466 603 3504 ex
639 3454 721 3519 parte
758 3448 875 3502 Domini
905 3448 993 3519 Papro
1023 3455 1200 3519 rogaverunt
1229 3450 1435 3521 supplicantes,

392 3543 534 3607 quatenus
560 3534 681 3588 nuncios
712 3531 855 3588 solemnes
885 3532 923 3586 ad
953 3531 1073 3587 Curiam
1102 3533 1270 3598 Romanam,
1303 3552 1439 3589 concessa

392 3621 432 3674 eis
474 3618 561 3690 plana
601 3622 744 3688 potestate
792 3615 945 3679 tractandi,
989 3616 1149 3680 ordinandi,
1199 3624 1229 3671 et
1269 3617 1437 3689 perficiendi

392 3704 496 3766 omnia,
518 3719 584 3773 quae
613 3701 694 3772 pacis
725 3700 960 3754 reformationem
990 3705 1152 3770 tangerent,
1180 3700 1378 3765 destinarent3
1409 3707 1439 3755 et

392 3786 452 3858 ipse
479 3785 675 3856 Apostolieus,
714 3800 771 3838 non
794 3789 932 3853 tanquam
959 3782 1058 3853 judex,
1091 3783 1142 3838 sed
1171 3791 1205 3839 ut
1234 3785 1326 3840 bonus
1358 3785 1439 3857 pacis

391 3870 540 3934 mediator,
577 3870 609 3923 in
643 3866 752 3922 nullius
771 3865 974 3938 praejudicium
1004 3873 1151 3937 satageret
1190 3868 1228 3922 ad
1268 3887 1368 3940 pacem
1411 3874 1441 3923 et

392 3954 633 4025 tranquillitatem
657 3969 825 4023 regnorum,
853 3950 968 4020 Regum
995 3952 1153 4005 amicitiam
1173 3953 1204 4006 in
1229 3960 1336 4008 statum
1365 3952 1439 4025 pris·

391 4039 484 4094 tinum
508 4038 674 4092 reformare.
712 4036 751 4090 Et
775 4034 916 4105 quiahoc
940 4034 1049 4104 absque
1068 4036 1181 4106 treugis
1201 4037 1263 4090 fieri
1281 4055 1337 4091 non
1354 4053 1439 4107 posse

387 4122 531 4193 judicavit
556 4120 697 4175 Dominus
725 4119 813 4189 Papa,
840 4117 905 4172 ideo
936 4136 988 4189 per
1012 4118 1065 4174 hos
1088 4121 1208 4175 nuncios
1232 4120 1378 4175 biennales
1398 4120 1440 4174 in·

392 4207 500 4271 ducias,
533 4224 606 4276 quas
635 4222 687 4275 per
718 4202 887 4259 Cardinales
917 4202 1130 4273 imploraverat,
1163 4204 1267 4259 indixit
1292 4205 1328 4259 de
1354 4222 1438 4268 novo,

393 4293 445 4347 sub
464 4308 550 4363 poena
574 4286 877 4344 excommunicationis
907 4294 937 4341 et
967 4287 1113 4343 interdicti
1142 4294 1287 4344 terrarum
1310 4307 1438 4344 suarum.

392 4375 453 4430 Rex
477 4373 603 4444 Angliae,
628 4370 807 4443 perpendens
839 4388 870 4423 se
906 4370 937 4424 in
972 4370 1110 4426 Flandria
1133 4372 1293 4443 periculose
1317 4391 1441 4429 commo·

393 4466 512 4521 rentem,
539 4457 667 4526 illucque
690 4472 742 4527 par
772 4454 1005 4509 informationem
1030 4454 1152 4510 Comitis
1175 4455 1320 4512 Flandriae
1344 4459 1441 4514 minus

393 4541 548 4613 prudenter
569 4545 743 4603 attractum
769 4555 950 4609 regnumque
970 4539 1121 4610 proprium
1145 4540 1283 4595 intestina
1300 4542 1442 4598 seditione

393 4626 550 4688 turbatum,
576 4623 769 4692 fiduciamque
788 4639 870 4676 snam
888 4620 924 4675 de
944 4621 1026 4693 Rege
1045 4622 1240 4678 Romanorum
1256 4642 1308 4696 per
1331 4625 1441 4697 Papam
1454 4634 1511 4685 The
1519 4632 1591 4703 King

395 4709 448 4763 sibi
466 4708 563 4763 minus
593 4706 775 4767 benevolum,
807 4722 931 4775 regnum
955 4705 1103 4760 Teutonici
1120 4707 1295 4772 turbantem,
1320 4702 1608 4769 nusuaosslnrnnr

396 4802 462 4857 tam,
483 4791 630 4847 consensit
641 4790 672 4844 in
695 4796 814 4860 benges
839 4788 972 4844 indictas.
1009 4789 1208 4862 Convenitque
1233 4794 1384 4859 intereos,
1407 4777 1569 4849 ut⁰⁰¹¹⁸⁰¹¹⁸

396 4876 500 4948 captivi
534 4875 660 4937 interim,
682 4879 779 4928 taxata
802 4889 902 4927 eorum
926 4871 1132 4943 redemptione,
1159 4873 1350 4931 liberarentur
1373 4842 1594 4935 hinommoe‘

399 4958 479 5025 inde;
505 4977 541 5015 ea
569 4958 742 5023 conditione,
770 4964 804 5012 ut
833 4956 858 5012 si
882 4974 938 5028 pax
962 4975 1020 5013 non
1042 4957 1134 5024 fieret,
1159 4960 1289 5017 redirent
1311 4962 1349 5018 ad
1372 4980 1440 5018 suas
