3750 6250
821 1056 950 1107 mou
972 1055 1206 1108 wanslnunnst

564 1346 717 1415 ¹Lt'tiero
740 1346 1009 1450 Cemnennilotia
1029 1350 1171 1436 Anplirr
1188 1348 1339 1417 Domine
1360 1349 1478 1438 Paper.
1580 1355 1584 1362 '

327 1495 397 1547 AD·
411 1500 483 1547 ¹³⁰1·
533 1505 552 1530 ⁸⁸
567 1502 672 1558 Sancta
684 1504 814 1559 Romana
830 1503 912 1576 ²jure
924 1504 1065 1568 Ecclesia,
1085 1523 1137 1577 per
1156 1506 1239 1577 enjus
1258 1506 1453 1561 ministerium
1471 1505 1542 1563 fides
1554 1515 1658 1632 [semp

345 1590 483 1642 lettersd·
498 1588 516 1615 ‘⁴
537 1586 685 1643 Catholica
712 1589 742 1643 iu
769 1590 830 1643 suis
861 1589 983 1652 actibus,
1016 1607 1083 1645 cum
1109 1607 1152 1653 ea,
1181 1597 1215 1644 ut
1244 1589 1366 1644 firmiter
1396 1589 1542 1645 credimus
1553 1582 1634 1634 ΗΜ

328 1658 467 1737 ΜΨ
498 1674 516 1697 “
536 1676 566 1725 et
583 1677 723 1736 tenemus,
742 1673 910 1728 maturitate
928 1672 1068 1743 procedit,
1083 1672 1160 1743 quod
1178 1672 1251 1727 nulli
1270 1672 1471 1743 praejudicare,
1490 1673 1542 1729 sed
1553 1649 1604 1767 ΙΨ·
1615 1651 1638 1698 ¹³

328 1723 483 1841 ffiffim
498 1757 516 1781 “
537 1754 718 1824 singulorum
742 1756 811 1828 jura
839 1757 1003 1811 conservari
1032 1755 1104 1812 velit
1128 1755 1229 1810 illaesa.
1286 1755 1361 1810 Sane
1386 1763 1542 1812 convocato
1588 1731 1617 1767 ιι

327 1856 467 1922 pomp,
498 1841 516 1865 ‘¹
536 1856 627 1909 nuper
645 1857 697 1911 per
715 1840 932 1894 serenissimum
952 1839 1101 1893 domiuum
1118 1847 1259 1902 nostrum,
1280 1838 1467 1903 Edwardum,
1487 1839 1542 1895 Dei

329 1923 438 2002 otEng
498 1925 516 1949 “
536 1924 632 1992 gratia
662 1923 773 1994 Regem
802 1923 919 1994 Angliae
950 1923 1104 1986 illustrem,
1142 1922 1338 1978 Parliamento
1367 1923 1446 1995 apud
1475 1922 1543 1980 Lin-

327 1989 401 2050 ¹⁸¹¹di
422 2005 449 2040 ¹¹¹
498 2009 516 2033 “
536 2006 659 2061 oolniam
689 2007 828 2077 generali,
860 2007 938 2062 idem
968 2008 1101 2062 dominus
1130 2014 1228 2061 noster
1259 2006 1399 2077 quasdam
1428 2007 1542 2064 litterae

323 2056 483 2189 ’ἕὲἷῖζὲξ
497 2092 516 2117 “
534 2089 726 2161 Apostolieas,
746 2110 817 2163 quas
836 2110 923 2164 super
936 2093 1023 2147 certis
1041 2092 1167 2161 negotiis
1185 2092 1378 2146 conditionem
1390 2097 1420 2147 et
1432 2098 1540 2149 statum

327 2190 402 2240 claim
413 2197 440 2240 ω
496 2177 515 2201 “
534 2176 618 2244 regni
631 2193 666 2229 ex
678 2183 776 2230 vestra
791 2183 873 2247 parte
894 2182 1053 2247 receperat,
1073 2177 1103 2230 in
1121 2175 1216 2229 medio
1235 2175 1365 2230 exhiberi
1384 2194 1417 2232 aa
1431 2177 1539 2232 seriose

327 2256 462 2341 thegrovn
495 2261 514 2285 ‘⁴
532 2259 616 2314 nobis
634 2259 704 2313 fecit
722 2260 833 2332 exponi.
878 2258 990 2327 Quibus
1008 2259 1116 2314 auditis
1135 2267 1165 2314 et
1181 2258 1352 2329 diligentius
1371 2259 1536 2325 intellectis,

325 2323 443 2441 ffiffll‘
494 2345 513 2369 “
532 2349 592 2397 tarn
602 2344 735 2398 sensibus
747 2344 924 2406 admirande,
936 2362 1024 2414 quam
1032 2344 1171 2398 hactenns
1183 2342 1322 2406 inaudita,
1334 2344 1415 2398 ineis
1425 2344 1536 2401 audiri-

493 2429 512 2454 “
532 2444 597 2481 mus
612 2428 762 2482 contineri.
801 2428 916 2482 Scimus
934 2429 1021 2491 enim,
1041 2427 1130 2482 Pater
1148 2428 1339 2491 sanctissime,
1350 2434 1380 2483 et
1390 2430 1536 2485 notorium

492 2513 511 2537 ‘⁴
532 2515 578 2565 cst
589 2510 620 2564 in
631 2511 763 2580 partibus
781 2511 897 2575 nostris,
912 2529 946 2566 ac
964 2512 1110 2565 nonnullis
1123 2510 1188 2565 aliis
1200 2527 1257 2566 non
1272 2512 1414 2582 ignotum,
1429 2513 1508 2583 quod
1518 2530 1537 2568 a

492 2595 511 2620 “
530 2593 625 2663 prima
641 2594 822 2649 institutione
849 2595 933 2664 regui
960 2594 1077 2664 Angliae
1095 2594 1192 2664 Reges
1211 2594 1342 2666 ejusdem
1359 2597 1455 2665 regui,
1476 2603 1535 2651 tam

489 2679 508 2705 ‘⁴
528 2677 707 2747 temporibus
720 2677 873 2732 Britonum
892 2695 980 2747 quam
997 2677 1170 2748 Anglorum
1193 2672 1326 2749 superius
1345 2686 1376 2734 et
1393 2680 1535 2736 directum

489 2763 508 2788 “
528 2759 676 2814 dominum
689 2762 772 2830 regni
786 2760 891 2815 Scotiar
903 2760 1068 2815 habuerunt
1080 2762 1110 2815 in
1127 2762 1318 2832 possessione,
1332 2762 1380 2817 vel
1393 2764 1536 2835 capitanei

488 2847 507 2871 “
527 2844 739 2915 superioritatis
757 2852 787 2899 et
804 2845 876 2899 recti
895 2844 1016 2898 dominii
1031 2845 1123 2915 ipsius
1144 2845 1249 2899 Sectile
1273 2846 1447 2901 successivis
1465 2853 1536 2901 tem-

488 2932 507 2956 “
526 2928 645 2999 poribus
669 2930 843 2993 extiterunt3
864 2947 917 2984 nec
942 2928 1011 2983 ullis
1039 2929 1218 2998 temporibus
1242 2930 1339 3000 ipsum
1362 2947 1488 3000 reguum
1506 2931 1535 2985 in

487 3015 505 3040 ‘⁶
525 3012 733 3083 temporalibus
746 3013 895 3084 pertinuit,
909 3012 958 3066 rel
976 3012 1111 3083 pertinet,
1127 3013 1231 3082 quotis
1240 3012 1308 3083 jure
1320 3013 1358 3068 ad
1374 3012 1534 3068 Ecclesiam

486 3099 504 3123 “
525 3097 729 3169 supradictam.
768 3095 933 3166 Quinimmo
946 3095 1023 3150 idern
1035 3113 1159 3166 regnum
1179 3096 1283 3151 Scotise
1301 3097 1534 3167 progenitoribus

485 3184 504 3209 ⁴‘
524 3182 595 3237 dieti
613 3183 714 3253 Regis,
734 3182 841 3237 nostris
860 3180 992 3250 Regibus
1016 3179 1142 3250 Anglias,
1164 3186 1250 3250 atque
1270 3180 1326 3234 sibi
1345 3180 1467 3245 feodale,
1487 3199 1533 3235 ex·

485 3269 503 3292 ‘⁸
524 3267 585 3321 titit
610 3266 646 3320 ab
672 3266 799 3335 antiquo.
850 3264 914 3320 Nec
943 3265 1031 3318 etiam
1053 3264 1150 3334 Reges
1176 3264 1328 3318 Scotorum
1355 3271 1386 3319 et
1411 3282 1535 3336 regnum

485 3352 504 3376 ‘⁴
524 3349 590 3403 aliis
609 3368 696 3420 quarn
715 3349 847 3420 Regibus
865 3347 984 3416 Anglire
1003 3347 1186 3412 subluerunt,
1209 3347 1256 3401 rel
1281 3347 1387 3417 subjici
1415 3365 1533 3404 cousue-

483 3435 503 3459 “
524 3440 637 3495 venrnt,
665 3450 759 3503 neque
781 3432 878 3501 Reges
896 3430 1015 3500 Angliae
1044 3448 1131 3502 super
1155 3431 1272 3501 juribus
1299 3432 1360 3485 suis
1385 3432 1416 3485 in
1443 3449 1534 3502 regno

484 3520 502 3542 “
522 3517 669 3586 praedicto,
698 3524 749 3571 aut
775 3516 840 3570 aliis
867 3516 928 3569 suis
956 3514 1164 3585 temporalibus
1191 3532 1287 3568 coram
1314 3514 1412 3584 aliquo
1434 3514 1533 3586 judice

483 3602 502 3626 “
522 3599 718 3654 ecclesiastico
736 3599 782 3653 vel
802 3598 944 3659 saeculari,
969 3615 1003 3651 ex
1021 3598 1240 3667 praeeminentia
1267 3604 1359 3651 status
1379 3599 1424 3652 sui
1443 3599 1532 3669 regias

483 3685 501 3709 '¹
521 3682 673 3749 dignitatis
693 3689 722 3736 et
739 3682 956 3737 consuetudinis
975 3682 1086 3736 cunctis
1100 3681 1278 3752 temporibus
1292 3682 1533 3751 irrefragabiliter

482 3767 501 3791 “
521 3765 689 3827 observatae,
721 3765 940 3835 responderunt,
967 3772 1018 3818 aut
1044 3765 1217 3834 respondere
1247 3764 1399 3818 debebant.
1447 3765 1530 3820 Unde

482 3851 501 3877 “
521 3848 619 3903 habito
645 3855 770 3902 tractatu
789 3857 818 3902 et
836 3848 1042 3901 deliberatione
1068 3847 1202 3917 diligenti
1222 3865 1309 3917 snper
1335 3849 1478 3903 contentis
1502 3850 1531 3904 in

482 3936 500 3960 ‘⁴
519 3930 643 3986 ’litteris
669 3933 773 3985 vestris
799 3932 976 3991 memoratis,
997 3931 1167 3992 communis,
1188 3948 1317 3993 concors,
1339 3939 1368 3984 et
1386 3933 1531 3987 unanimis

481 4020 500 4044 ‘⁴
520 4016 649 4070 omnium
674 4022 805 4068 nostrum
831 4021 860 4068 et
887 4014 1070 4083 singulorum
1095 4031 1251 4069 consensus
1271 4015 1336 4075 suit,
1360 4022 1390 4069 et
1408 4017 1465 4070 crit
1483 4017 1526 4069 in·

481 4103 500 4128 “
519 4116 667 4161 concusso,
688 4097 750 4150 Deo
768 4097 902 4168 propitio,
931 4098 960 4150 in
988 4097 1140 4161 futnrnm;
1171 4097 1248 4167 quod
1274 4097 1412 4167 praefatus
1439 4099 1529 4154 domi·

481 4187 499 4210 ‘⁴
518 4202 574 4237 nus
599 4189 697 4236 noster
716 4179 778 4233 Rex
804 4198 891 4249 super
914 4180 1032 4250 juribus
1054 4180 1138 4248 regni
1168 4180 1282 4242 Sectile,
1306 4187 1357 4234 ant
1375 4181 1442 4236 aliis
1469 4184 1530 4237 suis

480 4270 498 4293 ‘⁶
518 4265 736 4336 temporalibus,
756 4262 920 4317 nullatenus
940 4263 1112 4334 respondeat
1126 4263 1306 4331 judicialiter
1321 4282 1418 4318 coram
1435 4265 1527 4330 vobis,

480 4352 498 4375 ‘⁶
518 4368 570 4405 nec
586 4350 731 4420 judiciuin
751 4348 852 4403 subeat
871 4364 985 4417 quoquo
1004 4347 1097 4409 moda,
1119 4355 1169 4401 aut
1184 4347 1252 4418 juro
1271 4366 1323 4402 sna
1340 4349 1481 4419 praedicta
1499 4352 1530 4406 in

490 4522 585 4529 ---.-.
598 4524 634 4529 --
654 4524 720 4529 ..-.-
738 4522 768 4527 .--
831 4523 854 4527 -.
906 4522 923 4526 -
962 4522 1016 4527 -⁴...
1039 4522 1089 4526 -.
1105 4521 1138 4525 .-..
1212 4522 1214 4526 ,
1256 4521 1528 4533 ..—----——..-⁴

511 4655 599 4704 ¹Also
627 4656 703 4719 given
727 4657 753 4705 in
781 4653 974 4719 llcmingburgb
1027 4654 1236 4717 lleminpburgh3
1259 4653 1318 4718 jure
1339 4652 1366 4703 in
1384 4654 1528 4719 Rishanger

476 4733 717 4798 (orllemiugt'ord),
734 4736 768 4784 ΙΙ.
792 4751 832 4798 pp.
852 4739 974 4793 ntis-213,
1025 4734 1075 4785 aud
1088 4734 1142 4783 MS.
1158 4734 1222 4781 llibl.
1235 4735 1297 4796 Reg.
1314 4738 1343 4782 1³
1363 4733 1393 4782 Ε.
1415 4734 1458 4792 irc,
1477 4735 1527 4784 aad

478 4813 530 4873 (ed.
551 4811 705 4873 Ilumilton,)
732 4815 782 4863 aud
808 4814 929 4863 llatthcw
948 4812 979 4860 ol
1025 4813 1050 4860 iu
1063 4813 1105 4861 the
1116 4813 1215 4876 printed
1227 4820 1301 4863 texts.

481 4891 667 4951 westminster,
680 4909 703 4957 p.
716 4899 764 4941 44³
777 4894 829 4954 (ed.
844 4896 929 4956 1601).
997 4902 1000 4985 p
1057 4892 1198 4941 ’Inserted
1221 4891 1246 4939 iu
1270 4908 1285 4940 a
1308 4892 1371 4941 later
1389 4893 1466 4947 baud,
1483 4893 1526 4942 the

509 4972 579 5020 2Λῐι
610 4986 679 5020 error
707 4973 745 5020 sor
778 4980 860 5030 muter,
888 4989 915 5021 ns
947 4972 973 5019 in
997 4998 1000 5032 3
1024 4973 1091 5021 word
1104 4970 1142 5019 liis
1154 4971 1230 5036 being
1241 4972 1330 5022 elided.
