3750 6250
652 1088 819 1142 meroen
840 1089 1051 1143 arenosus
1335 1078 1378 1146 63

279 1285 308 1325 π.
326 1275 489 1347 burgenses
525 1277 728 1352 compulerunt
763 1278 877 1336 solvere
911 1298 966 1353 pro
995 1278 1108 1335 damnis
1144 1278 1229 1334 factis
1265 1276 1380 1333 clericis

279 1340 292 1390 l·
327 1360 466 1418 ducentas
485 1363 584 1419 libras.

361 1446 481 1502 ¹Praesit
504 1465 597 1504 armus
621 1450 678 1505 iste
702 1466 788 1521 asper
811 1448 914 1505 incolis
938 1449 1058 1520 frugum
1088 1448 1251 1520 parcitate3
1284 1445 1380 1501 Scotis

327 1529 527 1602 ¹perniciosns
550 1551 604 1604 pro
629 1534 721 1589 nimia
744 1534 881 1599 falsitate,
901 1534 938 1589 ob
958 1551 1045 1604 quam
1069 1551 1189 1588 causam
1209 1549 1310 1586 eorum
1328 1548 1380 1584 rex

326 1615 460 1688 privatur
482 1617 567 1688 regia
590 1618 759 1690 majestate;
787 1619 894 1690 Anglis
918 1618 1063 1675 sollicitus
1087 1623 1117 1674 et
1135 1617 1300 1680 munaus,
1326 1632 1379 1688 pro

326 1717 518 1772 expensarum
535 1703 629 1758 nimia
646 1704 800 1774 gravitate.

278 1796 295 1847 l.
361 1781 447 1838 Auno
483 1785 588 1856 gratiae
623 1787 781 1843 millesimo
812 1786 1011 1842 ducentesimo
1046 1786 1234 1856 nonagesimo
1266 1789 1377 1849 octavo,
1392 1784 1460 1836 AD.
1475 1791 1546 1838 1297.

328 1867 380 1940 qui
411 1874 457 1923 est
489 1887 581 1925 annus
612 1871 696 1943 regni
729 1871 822 1942 Regis
853 1871 1000 1935 Edwardi,
1026 1888 1044 1925 a
1067 1871 1244 1940 conquestu
1274 1869 1378 1933 Primi,
1393 1877 1520 1944 Meninge

327 1951 485 2008 vicesimus
511 1955 639 2025 quintus,
667 1956 724 2012 suit
747 1956 826 2010 idem
850 1956 913 2010 Rex
937 1955 975 2009 ad
993 1955 1100 2010 Natale
1125 1954 1303 2019 Londoniis3
1329 1954 1380 2008 ubi
1392 1945 1423 1993 ⁰f
1435 1946 1477 1994 1¹¹0
1490 1948 1542 1996 ⁸⁰1¹

279 2075 307 2110 ,n
327 2042 394 2108 post
416 2037 524 2092 festum
542 2039 723 2111 Epiphaniae,
743 2038 885 2103 Elisabet
908 2038 971 2093 filia
988 2037 1080 2110 Regis
1096 2038 1222 2108 Anglioe,
1239 2037 1381 2094 connubio
1394 2012 1474 2128 {sothe
1505 2080 1520 2128 f

279 2128 295 2177 l.
324 2120 461 2192 jungitur
483 2121 618 2186 Johanni,
646 2122 706 2177 fllio
733 2123 856 2178 Comitis
881 2121 1046 2186 Holoudioe,
1073 2128 1103 2177 et
1131 2121 1250 2176 haeredi.
1289 2121 1381 2190 Quem
1393 2086 1543 2198 Hoiffito

326 2220 380 2275 pro
391 2204 562 2260 hereditate
574 2208 676 2277 patris,
690 2224 783 2278 nuper
795 2206 893 2270 occisi,
914 2205 1104 2276 assequenda,
1122 2223 1180 2259 una
1195 2214 1263 2259 cu'm
1281 2221 1379 2268 uxore,
1393 2211 1437 2262 the
1447 2213 1522 2264 Priu-

326 2286 505 2343 conducente
531 2306 580 2343 eos
607 2289 756 2345 Hunlrido
782 2288 818 2344 de
840 2290 933 2353 Boun,
967 2289 1151 2345 Herefordiae
1180 2294 1211 2344 et
1240 2289 1381 2345 Estsexiae
1394 2294 1449 2328 00⁸⁸

325 2369 451 2437 Gemite,
482 2373 597 2427 remisit
624 2373 688 2433 Rex
717 2373 834 2445 Angliar
865 2391 931 2429 cum
950 2373 1067 2427 honoro.
1394 2344 1533 2400 mmm·

361 2456 592 2512 Parliameutum
616 2464 749 2513 coactum
778 2464 824 2513 est
853 2456 1020 2521 Londoniis,
1046 2462 1113 2528 post
1142 2458 1250 2511 festum
1281 2456 1380 2511 Sancti
1393 2453 1549 2505 Parliament

327 2538 457 2603 Hillarii,
477 2540 508 2594 iu
527 2558 593 2611 qno,
613 2542 691 2595 olere
709 2543 740 2596 iu
758 2540 949 2611 denegatione
973 2540 1147 2612 persistente
1165 2541 1298 2603 subsidii,
1318 2540 1380 2597 Rex
1394 2521 1545 2573 ”Imm

327 2623 423 2694 ipsum
442 2639 460 2677 a
478 2642 531 2678 sua
553 2627 732 2696 protectione
756 2623 888 2680 exclusit.
927 2625 1063 2695 Proque
1085 2630 1183 2679 tamen
1202 2624 1378 2689 redimenda,

327 2707 411 2761 multi
429 2724 483 2779 per
501 2726 542 2773 se,
556 2710 642 2764 multi
655 2727 723 2764 voro
741 2727 794 2781 per
811 2709 996 2773 mediatores,
1011 2709 1088 2778 Regi
1102 2709 1242 2763 bonorum
1261 2727 1380 2764 suorum

326 2787 587 2863 dederuntspostea
606 2793 737 2864 quintam
755 2799 877 2864 partem.
916 2793 980 2847 Rex
998 2793 1258 2863 Archiepiscopum
1276 2793 1378 2863 rigidi·
1392 2799 1520 2852 Messenes

325 2892 404 2930 orem
423 2878 613 2947 comperiens,
633 2884 726 2932 terras
746 2877 809 2949 ejus
828 2895 927 2932 omnes
947 2877 1078 2949 seysivit,
1099 2876 1182 2931 etde
1201 2877 1283 2931 bonis
1302 2877 1378 2946 ejus·
1392 2868 1425 2945 ΟΥ,
1435 2869 1476 2917 the

324 2959 390 3014 dem
409 2958 508 3015 debita
525 2962 557 3016 in
574 2962 678 3017 rotulis
695 2962 840 3016 Seaccarii
860 2963 977 3016 inventa
993 2961 1133 3033 precepit
1146 2979 1213 3015 cum
1230 2961 1379 3016 celeritate
1391 2933 1463 2998 ng

325 3043 425 3100 levari.
467 3043 545 3100 Nam
563 3046 641 3100 idem
653 3045 908 3116 Archiepiscopus,
929 3047 964 3101 de
984 3064 1125 3100 consensu
1144 3045 1224 3108 cleri,
1243 3063 1377 3116 procura·
1391 3002 1548 3134 ffigyffle

325 3141 408 3189 verat
425 3154 443 3190 a
460 3136 541 3204 Papa
564 3130 789 3195 inhibitionem,
803 3148 839 3184 ne
859 3129 924 3201 quis
950 3130 1123 3184 clericorum
1148 3128 1261 3201 Regem
1287 3131 1377 3201 respi·
1392 3135 1434 3183 the
1445 3137 1530 3187 Arah-

325 3225 404 3273 ceret
421 3220 458 3273 do
476 3216 559 3272 bonis
577 3213 726 3268 Ecclesim.
1392 3201 1480 3267 bishop
1492 3204 1523 3253 of

360 3302 447 3356 Feria
471 3301 573 3372 quinta
597 3303 663 3352 ante
700 3296 946 3360 Purifieationem‚
973 3295 1077 3351 Comes
1102 3296 1323 3360 Lincolnie-nsis,
1349 3268 1497 3385 etgautera

327 3386 473 3441 Johaunes
492 3385 528 3438 de
548 3383 655 3438 Sancto
674 3381 815 3445 Johanne,
836 3381 872 3434 de
891 3381 1003 3435 Baiona
1020 3399 1122 3435 vorsus
1141 3378 1376 3449 'Bellagardam
1391 3429 1458 3478 Tm

327 3489 391 3542 quae
403 3470 522 3525 obsessa
534 3486 551 3522 a
564 3467 679 3522 Gemite
686 3466 887 3521 Attrabatensi
900 3465 1022 3536 penuria
1033 3465 1206 3520 victualium
1218 3464 1375 3529 laborabat,
1391 3446 1514 3547 maz-‘ff'

326 3553 555 3626 progredientes,
581 3558 615 3604 ut
646 3548 777 3619 ejusdcm
808 3548 843 3602 do
874 3549 1052 3604 victualibus
1082 3547 1278 3619 providerent,
1311 3567 1378 3603 oum
1393 3563 1497 3615 lame,

327 3637 592 3709 appropinquarent
613 3632 704 3704 sylvae
724 3650 788 3702 quoe
807 3650 859 3703 per
886 3632 944 3686 tria
961 3631 1100 3686 milliaria
1117 3634 1152 3685 'a
1175 3632 1238 3686 loco
1256 3633 1378 3704 praefato

327 3719 461 3785 distabat,
476 3719 508 3773 iu
525 3717 597 3771 dua-s
617 3733 648 3771 se
667 3716 744 3771 acies
764 3715 944 3781 diviserunt3
968 3732 1093 3785 quarum
1111 3717 1235 3787 primam
1254 3716 1380 3772 ducebat

327 3804 472 3859 Johunues
485 3803 521 3857 de
536 3800 642 3855 Sancto
656 3800 675 3852 J
677 3799 799 3864 ohanne,
821 3799 955 3854 secunda¹
967 3816 1037 3853 vero
1048 3806 1174 3870 proeeret
1186 3800 1248 3869 ipse
1262 3799 1376 3855 Comes.

328 3888 473 3943 Johannes
498 3888 597 3957 itaque
628 3884 664 3938 de
696 3884 802 3938 Sancto
833 3883 974 3948 Johanno‚
1007 3901 1118 3954 suaque
1142 3883 1228 3948 acies,
1254 3884 1379 3938 uuusita

327 3972 417 4043 sylva,
438 3989 507 4027 cum
538 3968 728 4040 egrederetur
757 3969 788 4022 in
819 3967 915 4038 campi
944 3966 1106 4038 planitiem,
1135 3967 1251 4022 obviam
1274 3968 1379 4023 habuit

329 4054 470 4110 Comitem
494 4053 739 4116 Attrabatensem‚
761 4052 812 4123 qui
837 4069 903 4105 eum
929 4049 1153 4121 praestolabatur
1177 4069 1244 4105 curn
1271 4070 1378 4122 magno

328 4139 472 4204 exercitu;
497 4138 548 4192 ubi
573 4137 671 4191 statim
691 4136 844 4190 commisso
868 4134 982 4206 proelio,
1003 4135 1189 4190 subtrahente
1214 4154 1246 4191 se
1264 4135 1377 4191 Comite

329 4221 533 4283 Lincolniensi,
545 4221 629 4291 pauci
640 4220 797 4273 vincuntur
807 4218 975 4290 apluribus.
1006 4218 1090 4290 Capti
1100 4225 1168 4274 sunt
1175 4219 1217 4273 ibi
1229 4219 1250 4272 J
1250 4219 1377 4274 ohannes

328 4305 362 4360 de
384 4305 491 4360 Sancto
510 4303 651 4366 Johanne,
665 4301 832 4356 Willelmus
852 4301 887 4355 dc
905 4300 1023 4356 Mortuo
1041 4301 1127 4365 Mari,
1150 4302 1316 4356 Willelmus
1341 4303 1377 4357 de

328 4388 551 4459 Bermengham,
572 4404 639 4441 curn
658 4386 723 4439 aliis
742 4385 885 4439 militibus
908 4392 972 4440 octo
993 4386 1198 4457 scutiferisque
1217 4386 1374 4442 nonnullis.

329 4473 404 4542 Quos
417 4490 517 4526 omnes
529 4470 692 4526 transmisit
710 4470 814 4523 (lomes
827 4464 1041 4524 Attrabatens'is
1054 4470 1186 4525 Parisius
1199 4471 1229 4524 in
1241 4488 1376 4542 pompam

328 4557 488 4627 triumphi:
528 4555 633 4610 Comes
669 4571 738 4609 vcro
778 4553 991 4609 Lincolnicnsis
1032 4573 1099 4610 cum
1137 4554 1198 4609 suis
1235 4555 1375 4610 Baionam

330 4642 494 4696 revertitur.

360 4725 426 4780 Hoc
445 4741 520 4779 anno
538 4723 619 4777 auxit
635 4720 699 4776 Rex
716 4720 860 4776 tributum
879 4720 916 4776 de
933 4719 1018 4786 lanis,
1039 4722 1185 4793 accipiens
1197 4721 1233 4777 de
1246 4724 1376 4793 quolibet

759 4889 973 4898 -η-ῳ-

360 4993 367 5022 ¹
373 4991 526 5057 perniciosos
537 4989 564 5038 iu
575 4989 639 5053 orig.
909 4992 919 5019 ²
930 4988 1043 5041 Omitted
1054 4988 1081 5038 in
1093 4990 1136 5041 the
1146 4990 1246 5062 printed
1257 4997 1330 5043 texta

359 5067 530 5138 ’Bedoyarda
538 5069 566 5119 iu
576 5068 692 5120 Perker's
702 5073 765 5120 text.
