3750 6250
471 1069 519 1133 88
799 1082 929 1133 ιιιοιιιι
953 1081 1186 1131 ιιιιοιιιοιιιιι

308 1265 380 1319 ΑΙ)
392 1269 487 1319 1:⁴01.⁴
491 1264 688 1363 gigantibus
720 1265 931 1333 inhabitatum
963 1267 1071 1339 quibus
1103 1266 1227 1321 devietis
1251 1283 1306 1320 sua
1328 1264 1470 1336 potentis,
1496 1270 1528 1319 et
1540 1275 1669 1348 Q

479 1351 631 1415 “occisis
658 1369 723 1406 eam
748 1351 785 1405 de
809 1352 925 1406 nomine
950 1370 1004 1406 sno
1030 1350 1254 1413 ‘Britanniam’
1279 1351 1433 1420 sociosque
1460 1365 1529 1403 suos
1542 1343 1600 1395 MS
1611 1349 1669 1404 Bitl

480 1437 528 1462 “
541 1435 696 1498 Britoues‚'
718 1435 884 1506 appellarit
930 1435 1038 1490 Postea
1061 1451 1187 1506 regnum
1213 1452 1299 1488 suurn
1326 1433 1422 1488 tribus
1441 1431 1530 1486 ¹liliis
1543 1410 1605 1528 {⁶5
1618 1422 1646 1468 ¹³

480 1523 499 1545 “
518 1518 628 1577 divisit.
672 1519 807 1582 Lokriuo,
827 1519 1022 1590 primogenito
1040 1535 1102 1581 sno,
1123 1517 1204 1573 dedit
1221 1517 1302 1571 illam
1320 1528 1444 1587 purtem,
1465 1533 1531 1587 quie
1543 1497 1619 1597 Nx·

480 1605 499 1629 “
518 1602 692 1674 quondam‘
703 1601 848 1674 Loegriass
867 1620 944 1656 nunc
962 1619 1031 1656 vero
1052 1601 1200 1672 Anglia,’
1217 1603 1394 1656 nominatur.
1440 1599 1640 1682 Albo-135.er

479 1691 498 1712 ‘⁶
517 1693 610 1750 necto,
639 1686 765 1741 secundo
788 1685 859 1749 lilio,
878 1685 961 1740 dedit
989 1686 1154 1749 Albaniam,
1186 1703 1252 1756 quaa
1282 1704 1359 1740 nunc
1390 1684 1531 1740 ‘Sectis’

479 1772 670 1828 “vocitatur
717 1770 842 1826 (lambro
860 1787 938 1833 vero,
959 1770 1046 1824 tertio
1072 1769 1142 1832 filio,
1168 1769 1249 1826 dedit
1267 1769 1445 1833 Umbriam,
1466 1787 1531 1864 quie

478 1857 497 1880 “
517 1872 593 1910 nunc
619 1853 765 1909 ‘Wallia’
784 1853 963 1925 appellatum
982 1862 1133 1907 reservata
1157 1852 1289 1917 Ιιοοιίιιο,
1310 1854 1428 1917 seniori,
1448 1853 1533 1923 regia

478 1941 496 1963 ‘⁴
516 1936 669 2008 dignitate.
715 1937 839 1991 Biennio
854 1943 921 2008 post
937 1945 1062 1992 mortem
1080 1937 1176 2000 Bruti,
1196 1936 1339 2008 applicuit
1356 1937 1389 1991 in
1406 1936 1533 1990 Albania

478 2025 496 2047 “
517 2021 579 2076 Rex
603 2021 768 2085 Hunorum,
795 2020 929 2075 Humber
955 2021 1081 2084 nominc,
1109 2021 1160 2090 qui
1177 2021 1382 2084 Albannotnm‚
1409 2021 1531 2075 fratrem

477 2109 497 2131 ‘⁸
517 2105 642 2169 Lucrini,
673 2105 808 2177 peremit.
863 2102 957 2173 Quem
987 2121 1054 2158 rnox
1085 2103 1229 2159 Locriuns
1265 2111 1439 2175 persecutus
1475 2111 1529 2159 est.

477 2194 495 2215 ‘¹
516 2189 649 2243 Humber
666 2207 737 2244 vero
762 2189 889 2258 fugiens
917 2188 1088 2243 submersus
1116 2198 1162 2242 cst
1187 2189 1217 2242 in
1242 2188 1363 2243 flumine
1390 2188 1470 2260 qnod
1496 2187 1531 2242 de

478 2277 496 2300 ‘⁴
516 2291 569 2328 sno
594 2273 710 2329 nomine
727 2280 849 2328 vocatur
869 2272 1045 2327 ‘Humben’
1091 2272 1130 2327 Et
1155 2272 1197 2326 sic
1218 2271 1346 2327 Albanio
1365 2272 1531 2327 devolvitur

478 2360 497 2383 “
517 2356 555 2412 ud
572 2356 737 2412 Locriuum.
784 2355 846 2410 ’Ex
863 2361 938 2427 post,
959 2355 1140 2419 Dunwallus,
1170 2355 1232 2409 Rex
1250 2356 1416 2421 Britouum,
1437 2357 1530 2412 Stete-

478 2445 497 2468 “
517 2441 594 2495 rium
619 2441 732 2513 Regem
760 2440 875 2504 Scotiae,
902 2440 959 2495 sibi
986 2439 1136 2503 rebellem,
1167 2440 1283 2505 occidit,
1310 2447 1341 2495 et
1365 2448 1477 2496 terram
1502 2451 1531 2505 111

478 2525 694 2581 “deditionem
712 2526 833 2596 accepit.
871 2524 958 2589 Item,
977 2524 1035 2579 duo
1052 2524 1106 2578 filii
1125 2524 1335 2588 Dunwallonis,
1350 2522 1529 2579 scilicetBe·

477 2613 497 2636 ‘⁶
517 2609 594 2664 linus
613 2608 808 2673 etBreunins,
827 2608 905 2663 inter
923 2624 954 2662 se
973 2624 1098 2678 regnum
1115 2608 1207 2678 patria
1225 2608 1272 2662 sui
1289 2607 1471 2673 diviserunt;
1491 2607 1532 2661 ita

479 2695 498 2718 “
518 2691 596 2763 quod
607 2691 739 2756 Belinus,
753 2691 858 2756 senior,
878 2691 1013 2746 ffiaderua
1030 2690 1143 2755 insulae,
1158 2709 1225 2745 cum
1236 2690 1400 2756 Britannia,
1415 2690 1530 2753 Walliu,

478 2778 498 2802 ‘⁴
517 2783 548 2831 et
566 2776 721 2840 Oumubia,
744 2775 882 2846 possedit.
927 2774 1073 2830 Brennius
1097 2792 1176 2839 vero,
1204 2775 1258 2830 sub
1284 2793 1318 2829 eo
1343 2767 1529 2845 regnaturus,

478 2863 498 2887 ‘⁶
519 2859 648 2916 Scotiam
665 2860 786 2931 accepit.
824 2858 947 2914 Petebat
965 2859 1043 2912 enim
1061 2859 1187 2928 lbojena
1203 2859 1393 2924 consuetudo,
1414 2866 1449 2915 ut
1468 2859 1530 2930 dig-

479 2944 594 2999 “nitas
620 2943 800 2999 haereditatis
824 2943 1019 3014 primogenito
1044 2943 1219 3013 perveniret.
1262 2943 1350 3008 Item,
1369 2943 1530 3008 Arthurus,

479 3030 498 3054 ‘⁴
518 3027 581 3083 Rex
599 3027 753 3085 Britonum
771 3027 992 3090 famosissimus,
1014 3026 1142 3081 Scotiam
1160 3026 1217 3082 sibi
1235 3027 1377 3082 rebellem
1396 3027 1530 3099 subjecit,

479 3114 498 3140 ‘⁶
518 3119 549 3168 et
574 3111 636 3167 fero
654 3118 745 3168 totum
771 3117 889 3183 gentem
907 3108 1033 3177 delevit,
1058 3116 1089 3166 et
1106 3118 1209 3183 postea
1225 3111 1391 3184 quemdam,
1417 3113 1532 3168 nomine

479 3200 498 3224 “
520 3195 744 3268 ‘Angnselum'
770 3197 801 3250 iu
821 3212 923 3267 regem
950 3195 1056 3251 Scotiae
1074 3197 1215 3267 praefecit.
1262 3195 1301 3251 Et
1326 3202 1438 3267 postea,
1466 3214 1533 3252 cum

477 3284 499 3308 ⁴⁴
518 3280 596 3336 idem
615 3281 678 3336 Rex
695 3280 843 3336 Arthnrus
865 3280 944 3351 apud
967 3280 1117 3335 civitatem
1138 3279 1300 3352 Legiounm
1328 3280 1438 3335 festum
1457 3281 1532 3336 sace·

480 3368 564 3421 “ret
587 3365 821 3430 celeberrimum,
852 3364 1050 3419 interfuerunt
1081 3363 1191 3419 ibidem
1215 3382 1314 3420 omnes
1346 3364 1445 3435 Reges
1477 3364 1533 3420 sibi

480 3453 499 3477 ‘⁴
519 3450 661 3520 subjecti;
702 3450 780 3504 inter
816 3467 889 3520 quos
922 3448 1100 3519 Angnselue,
1140 3449 1201 3503 Rex
1232 3449 1347 3513 Scotiae,
1379 3449 1534 3505 servitium

478 3538 572 3605 “pro
605 3551 697 3605 regno
724 3551 776 3588 suu
802 3533 941 3588 exhibens
968 3533 1109 3597 debitum,
1136 3532 1268 3602 gladium
1290 3532 1382 3603 Regis
1409 3532 1534 3588 Arthuri

479 3622 498 3644 ‘⁶
518 3618 624 3673 detulit
642 3625 708 3673 ente
734 3618 839 3689 ipsum,
860 3625 891 3673 et
911 3618 1075 3673 successive
1095 3635 1194 3671 omnes
1213 3616 1310 3687 Reges
1324 3618 1431 3672 Scotiae
1443 3618 1534 3672 omni·

480 3706 498 3728 ¹⁶
518 3702 573 3757 bus
586 3702 716 3773 Regibus
729 3703 883 3758 Britonum
895 3703 1015 3757 luerunt
1026 3702 1140 3773 subjt
1094 3702 1160 3758 ecti.
1199 3702 1534 3758 Succedentibnsautem

480 3789 498 3812 ‘⁶
518 3785 649 3856 Regibus
679 3786 805 3858 Angliae,
836 3788 866 3841 in
897 3786 998 3841 eadem
1029 3787 1163 3841 insula
1155 3787 1247 3856 ipsius
1277 3786 1478 3841 monarchiam
1506 3792 1536 3841 et

480 3874 499 3895 ‘⁶
519 3870 680 3924 dominium
698 3870 748 3926 obt
736 3872 829 3926 tinent
840 3878 1059 3942 consequenter.
1093 3871 1263 3934 Edwardns,
1278 3871 1398 3926 dictus‘
1410 3869 1533 3935 Senior,'

480 3957 499 3980 ⁴¹
519 3952 597 4007 filius
609 3953 723 4008 Alfredi
737 3954 963 4025 RegisAngliae,
980 3955 1140 4019 Scotorum,
1156 3954 1360 4019 Cumbrorum,
1383 3961 1415 4010 et
1435 3955 1533 4025 Streg·

481 4040 500 4063 ‘⁶
519 4036 671 4091 wallorum
684 4037 791 4109 Reges,
805 4044 945 4109 tanquam
965 4040 1108 4109 superiori
1121 4039 1245 4103 domino,
1267 4039 1415 4110 subjectos
1433 4037 1535 4093 habuit

482 4124 500 4146 ‘⁶
520 4125 550 4175 et
562 4120 730 4176 submissos.
757 4121 944 4186 Adelstunus,
959 4122 1021 4177 Rex
1033 4123 1159 4193 Angliae,
1177 4123 1401 4178 Constantinum
1422 4122 1534 4194 Regem

481 4207 500 4231 “
521 4203 682 4269 Scotorum,
704 4205 759 4260 sub
776 4222 808 4260 se
826 4211 1019 4277 regnaturum
1037 4207 1197 4270 constituit,
1227 4206 1336 4271 dicens,
1359 4207 1533 4278 ‘gloriosius

482 4291 500 4314 '⁴
522 4292 604 4343 ‘esse
631 4305 734 4359 regem
766 4289 862 4345 facere
893 4308 981 4360 quam
1008 4307 1110 4361 regem
1135 4289 1219 4345 esse!
1273 4290 1313 4345 Et
1340 4297 1386 4346 est
1412 4290 1535 4362 dignum

481 4374 501 4398 ⁸‘
519 4373 668 4438 memoria,
701 4372 779 4443 quod
809 4372 886 4428 idem
911 4373 1098 4440 Adelstauus,
1126 4373 1323 4430 intercedente
1350 4374 1457 4430 Sancto
1485 4375 1533 4430 Jo-

482 4459 500 4482 ‘¹
520 4456 613 4512 henne
639 4457 675 4512 de
707 4457 876 4522 Beverlaco,
909 4459 1054 4529 quondam
1089 4457 1316 4530 Archiepiscopo
1347 4458 1532 4523 Eboraeensi,

483 4543 501 4566 ‘⁴
522 4539 622 4596 Scotos
641 4541 815 4598 rebellantes
834 4543 861 4596 ei
880 4541 1016 4597 ³devieit.
1055 4541 1111 4612 Qui
1124 4544 1234 4613 gratius
1247 4543 1310 4598 Deo
1322 4543 1427 4599 devote
1445 4560 1534 4614 egens

482 4626 502 4650 ‘⁸
521 4626 658 4691 exoravit,
685 4633 787 4697 petens
805 4632 848 4692 ut,
869 4627 1079 4682 interveniente
1097 4628 1188 4682 Beato
1207 4628 1349 4692 Johunne,
1370 4627 1398 4682 ei
1416 4625 1535 4699 aliquod

483 4710 502 4735 ⁴⁴
522 4708 640 4779 signum
669 4711 788 4766 evidens
818 4710 1029 4776 ostenderetur,
1062 4718 1202 4782 quotam
1232 4712 1421 4767 succedentes
1447 4728 1534 4782 quum

516 4944 696 5013 1,ήῖὲἑιιιιὶιίιι
708 4950 750 5002 the
762 4950 864 5015 printed
876 4955 952 5003 texts.
1064 4955 1074 4984 ³
1091 4950 1176 5002 divicit
1185 4951 1212 5001 in
1225 4951 1267 5002 the
1280 4951 1381 5017 printed
1391 4960 1467 5005 textu

515 5030 525 5060 ²
541 5027 630 5079 Postea
643 5030 669 5079 in
681 5032 723 5081 the
737 5030 837 5094 printed
849 5039 924 5082 texts.
