3750 6250
659 1105 824 1157 nisroau
845 1104 1052 1155 incuicare
1310 1086 1374 1151 249

266 1310 305 1362 ul.
332 1303 352 1328 “
372 1299 479 1371 quibus
496 1298 594 1352 visum
612 1295 725 1350 ¹fuerat
742 1292 820 1365 quod
844 1293 908 1356 hoc,
936 1292 1017 1346 salvo
1042 1291 1150 1346 honore
1176 1296 1283 1354 vestro,
1312 1294 1541 1361 pos-A.1).1au.

333 1387 353 1413 “
372 1384 444 1440 setis
461 1382 567 1445 facere,
581 1379 775 1444 contraxistis,
788 1377 973 1433 Vicariatum
990 1393 1043 1448 per
1054 1393 1106 1431 vos
1124 1375 1207 1430 nobis
1225 1373 1378 1430 ²commis·

266 1443 303 1509 3¹²
333 1471 353 1497 ⁴‘
372 1485 439 1524 sum
476 1465 644 1521 revocastis.
700 1463 740 1518 Et
778 1461 896 1532 quidem
935 1460 1031 1514 zelum
1070 1478 1156 1530 quem
1194 1461 1308 1516 habetis
1342 1459 1378 1514 od

332 1549 535 1607 “faciendam
570 1548 679 1603 dictam
707 1545 899 1607 concordiam,
930 1543 1091 1615 plurimum
1126 1544 1376 1609 commendamus3

266 1615 268 1625 ⁴
334 1638 355 1665 “
375 1633 536 1705 [³volentes
548 1638 654 1687 vestras
666 1635 765 1702 patere
786 1628 898 1683 notitiae
911 1627 989 1697 quod
1000 1645 1053 1683 nos
1065 1645 1166 1699 pacem
1177 1627 1379 1683 rationabilem

335 1723 356 1748 ‘⁶
373 1718 481 1774 habere
498 1733 566 1771 cum
586 1714 664 1770 dicto
687 1713 825 1784 Philippo
848 1729 963 1783 semper
986 1713 1159 1782 optavimus,
1179 1717 1209 1767 et
1226 1718 1378 1782 optamus3

335 1805 356 1833 “
376 1819 472 1873 quam,
485 1800 517 1855 in
528 1804 670 1870 quantum
680 1797 788 1861 decuit,
803 1814 904 1852 sumus
916 1813 983 1850 cum
996 1796 1135 1851 instantia
1146 1794 1315 1867 prosecuti].
1342 1795 1381 1852 Et

336 1891 357 1917 ‘⁴
374 1902 478 1942 revera
493 1884 625 1940 votivum
641 1882 725 1938 nobis
746 1881 822 1935 soret
838 1879 994 1934 admodum
1013 1886 1043 1934 et
1060 1886 1219 1951 acceptum,
1240 1880 1265 1935 si
1284 1884 1383 1951 posset

337 1974 358 2001 “
375 1970 440 2025 fieri
456 1985 510 2041 per
534 1968 609 2023 tanti
634 1965 803 2021 mediatoris
829 1964 999 2019 instantiam
1016 1982 1072 2036 pax
1096 1970 1210 2035 optata;
1236 1963 1288 2019 sed
1314 1964 1385 2035 quia

337 2058 359 2084 “
378 2054 486 2109 scimus
508 2050 560 2123 jus
586 2056 719 2105 nostrum
745 2049 777 2103 iu
802 2065 894 2119 regno
917 2046 1049 2101 Francia
1074 2050 1145 2102 setis
1169 2048 1290 2111 clarum,
1310 2046 1385 2102 illud

338 2142 358 2168 ‘⁶
377 2136 499 2193 arbitrio
525 2134 614 2190 dnbio
638 2151 696 2189 non
721 2132 910 2204 proponimus
939 2131 1046 2186 ducere
1076 2132 1164 2186 alicui
1190 2150 1242 2203 per
1271 2132 1385 2186 litteras

340 2225 495 2277 “nostras
525 2217 774 2275 committendum.
800 2216 922 2280 Verum,
949 2214 1020 2270 dum
1055 2220 1165 2271 attenta
1199 2215 1386 2271 meditatione

339 2309 359 2336 ‘⁶
377 2322 543 2378 pensamus,
564 2303 691 2375 qualiter
709 2307 809 2357 vestra
828 2299 1021 2354 consideratio
1040 2300 1260 2372 circumspecta,
1283 2300 1386 2355 videns

339 2393 359 2420 “
378 2394 526 2462 patentem
544 2392 673 2442 nostram
689 2385 846 2457 justitiam,
860 2389 891 2438 et
902 2383 974 2438 dicti
985 2383 1116 2456 Philippi
1135 2384 1273 2439 duritiam
1299 2384 1387 2439 obsti·

339 2477 360 2503 '⁸
377 2478 477 2529 natam
503 2477 534 2526 at
562 2469 711 2541 injuriam,
741 2468 894 2523 nobiscum
929 2473 1031 2522 contra
1064 2467 1176 2523 dictum
1205 2469 1386 2541 Philippum,

340 2561 359 2587 ‘¹
377 2557 470 2613 vestri
491 2554 597 2627 gratia,
621 2553 714 2624 ligem
732 2552 873 2615 ⁴seoistis‚
898 2551 1030 2606 velutin
1048 2552 1205 2624 specialem
1226 2553 1388 2624 adoptionis

340 2645 361 2671 ‘⁴
379 2641 473 2696 filium
498 2638 536 2694 de
554 2637 718 2692 dilectionis
747 2635 936 2690 exuberantia
961 2654 1014 2690 nos
1035 2634 1251 2701 ⁵admittentes,
1271 2644 1305 2692 ut
1322 2655 1388 2691 cum

341 2729 360 2755 ‘⁶
379 2742 452 2797 pace
472 2728 572 2780 vestra
582 2722 745 2793 loquemur,
759 2720 863 2774 mirari
874 2736 931 2774 non
945 2720 1114 2785 sufficimus,
1130 2721 1208 2792 quod
1225 2727 1390 2793 praepotens

340 2813 361 2839 “
379 2814 478 2864 vestra
495 2805 670 2869 sublimitas,
699 2822 765 2875 quse
790 2803 828 2858 ad
853 2803 972 2858 laudem
1001 2804 1144 2859 bonomm
1172 2815 1202 2860 et
1230 2805 1392 2861 vindictam

342 2897 361 2923 ‘⁸
380 2893 524 2948 malorum
543 2896 589 2945 est
607 2889 748 2944 divinitus
774 2888 918 2952 instituta,
946 2894 1047 2943 contra
1066 2907 1118 2944 nos
1146 2889 1223 2944 dicto
1244 2889 1390 2960 Philippo,

354 2981 362 3005 ‘
381 2974 545 3047 injuriatori
557 2979 656 3027 nostro
676 2971 800 3035 notorio,
822 2988 853 3026 se
874 2971 989 3041 ligavit.
1027 2971 1067 3025 Et
1078 2970 1172 3026 ⁶illud
1184 2972 1262 3043 quod
1273 2973 1390 3036 dicitur,

343 3065 362 3090 “
380 3079 433 3116 nos
465 3060 527 3116 sine
560 3058 637 3113 scitu
665 3062 695 3111 et
724 3073 845 3110 assensu
880 3061 978 3109 vestro
1005 3073 1072 3109 cum
1099 3056 1221 3127 praelato
1256 3056 1393 3129 Philippo

343 3148 363 3175 ‘¹
381 3151 502 3214 treugas
521 3146 725 3197 attrectatum
743 3140 823 3210 pacis
849 3140 959 3203 iniisse,
980 3157 1038 3193 non
1065 3140 1175 3205 debuit,
1205 3141 1393 3195 consideratis

345 3231 366 3256 “
384 3227 457 3284 facti
477 3225 715 3288 circumstantiis,
738 3223 952 3278 rationabiliter
971 3221 1135 3289 ⁷movisse3
1156 3224 1225 3294 quia
1237 3223 1307 3278 dum
1319 3224 1394 3278 obsi·

344 3313 364 3340 ‘¹
383 3311 523 3366 dabamus
541 3309 690 3363 civitatem
707 3308 928 3369 Tornecensem,
950 3307 1079 3377 oportuit
1101 3324 1155 3362 nos
1183 3324 1283 3361 corum
1312 3308 1394 3377 sequi

345 3394 506 3451 “consilia
530 3393 580 3463 qui
604 3392 686 3446 nobis
711 3391 879 3446 comitivam
900 3396 931 3446 et
950 3390 1078 3446 ⁸auxilia
1101 3397 1170 3447 tunc
1197 3393 1337 3455 fecerunt,
1365 3398 1396 3447 et

345 3483 364 3509 ‘¹
382 3477 517 3550 'hyemis
537 3475 634 3530 subita
654 3475 791 3529 vicinitas
804 3493 837 3529 ac
857 3476 989 3530 locorum
1005 3475 1144 3530 distantia
1159 3482 1288 3531 vestram
1308 3494 1395 3547 super

346 3566 366 3592 “
384 3562 440 3617 hoo
452 3559 603 3616 consulere
615 3557 819 3613 celsitudinem
830 3559 950 3612 mimine
962 3559 1166 3630 permiserunt.
1205 3559 1300 3614 Immo
1311 3561 1395 3616 nobis

347 3650 366 3675 ‘⁴
386 3645 468 3708 alias,
480 3644 506 3698 si
517 3642 656 3704 recolitis,
668 3641 862 3705 concessistis,
874 3641 952 3711 quod
964 3641 983 3674 ¹⁰
991 3643 1016 3696 si
1030 3643 1229 3714 opportunitas
1242 3644 1392 3709 arrideret,

347 3732 366 3757 ‘¹
384 3732 511 3783 tractare
534 3742 687 3797 possemus
717 3725 754 3779 de
782 3742 853 3796 pace
880 3725 964 3780 vobis
994 3726 1185 3793 inconsultis;
1214 3728 1257 3784 ita
1285 3735 1392 3794 tamen,

347 3816 367 3841 “
386 3811 465 3883 quod
483 3810 545 3866 sine
566 3827 709 3865 consensu
729 3818 827 3864 vestro
839 3809 1067 3880 pacemfinalem
1081 3829 1147 3866 cum
1160 3812 1237 3867 dicto
1258 3813 1395 3885 Philippo

348 3899 368 3924 “
386 3895 553 3950 nullatenus
572 3893 750 3959 laceremus3
777 3912 865 3964 quam
883 3911 1032 3964 nunquam
1049 3895 1144 3949 facere
1164 3895 1182 3927 ¹¹
1190 3914 1392 3967 proponemus,

348 3983 368 4008 ‘⁶
387 3979 558 4051 priusquam
578 3984 710 4032 vestrum
731 3995 819 4048 super
838 3978 893 4032 hoc
913 3978 1117 4033 habuissemus
1147 3979 1302 4051 providum
1327 3998 1393 4034 con·

348 4067 368 4091 “
388 4063 487 4119 silium
507 4068 538 4117 et
557 4080 717 4117 assensum.
755 4060 774 4093 ¹²
782 4061 840 4117 Sed
861 4062 892 4116 in
911 4062 987 4116 votis
1009 4064 1153 4132 gessimus
1181 4064 1263 4118 vobis
1284 4064 1314 4117 in
1333 4081 1392 4116 om·

350 4150 369 4175 “
388 4146 475 4202 nibus
502 4146 597 4200 iacere
618 4145 696 4215 quod
724 4145 877 4200 debuimus
903 4145 989 4216 juxta
1017 4147 1112 4211 vires;
1142 4155 1290 4218 sperantes
1316 4146 1393 4215 quod

349 4234 368 4259 ‘⁸
388 4229 552 4286 l'fraternas
570 4235 678 4285 vestrae
707 4230 871 4301 plentitudo
905 4230 1115 4286 benevolentias
1133 4249 1186 4286 nos
1215 4230 1252 4285 ad
1279 4236 1393 4300 tompus

386 4449 488 4514 'sumis
499 4449 602 4514 Rymer·
929 4450 938 4476 ⁷
950 4465 991 4497 voa
1002 4450 1109 4508 nicoisas,
1120 4449 1221 4513 Rymer.

386 4525 698 4593 ²ccucmampropterlioc
706 4535 852 4586 revocantes,
932 4530 940 4551 ¹
953 4527 1079 4588 auxilium,
1087 4528 1189 4592 Rymer.

354 4608 457 4674 Bymer.
930 4608 976 4656 ’et
1005 4607 1126 4656 imminens
1147 4604 1229 4656 subito
1259 4607 1395 4670 necesitas,

386 4687 521 4739 ⁸Omitted
540 4686 566 4736 in
587 4686 629 4736 the
646 4685 721 4737 MSS.
733 4687 765 4736 of
776 4686 853 4737 Ilem·
898 4687 1000 4750 Rymer.

355 4766 483 4833 ingburgh
493 4768 543 4818 and
563 4765 635 4816 Harl.
654 4770 701 4815 6⁵⁵
716 4786 723 4825 ;
741 4766 854 4829 supplied
931 4766 951 4796 ¹⁰
961 4781 1014 4814 cum
1024 4765 1199 4831 opportunitas,
1209 4766 1310 4831 syme.

357 4847 422 4896 stom
432 4846 535 4911 Rymer.
932 4845 949 4874 ¹¹
960 4844 1160 4909 properabamus,
1176 4845 1249 4896 Harl.
1268 4852 1328 4907 6553
1340 4863 1397 4913 pro·

389 4927 399 4955 ⁴
401 4926 477 4990 fecit,
488 4924 590 4989 Bymer.
896 4925 1171 4989 mnemosynem

389 5002 656 5067 'uduimnaltymen
933 5005 952 5034 ¹²
965 5002 1274 5072 Scdsemperin,Rymer.

391 5083 445 5143 ⁴id,
457 5083 527 5132 Harl.
540 5087 588 5133 555
600 5084 650 5132 and
661 5083 762 5147 ltymor.
936 5085 954 5114 ¹³
959 5091 1077 5148 poterim,
1091 5085 1193 5150 Rymer.
