3750 6250
739 1092 903 1143 maroam
925 1093 1132 1144 municius.
1413 1085 1476 1147 455

298 1270 313 1317 ι.
326 1270 396 1321 Bibl,
428 1257 505 1330 Regi
529 1262 654 1320 Ricardo
672 1270 702 1321 et
718 1269 921 1324 communibus
946 1267 1119 1324 fidelitatem
1138 1273 1299 1332 servarent,
1320 1275 1350 1324 et
1366 1270 1643 1334 uullumA.1).1381.

298 1350 319 1412 ξ·
334 1341 366 1385 13
428 1342 540 1414 Regem
552 1348 602 1418 qui
615 1357 768 1405 vocaretur
782 1353 823 1407 “J
825 1352 974 1408 ohannes”
988 1359 1186 1424 acceptarent;
1200 1354 1236 1408 ob
1249 1352 1389 1408 invidiam
1398 1354 1478 1410 vidc-
1488 1346 1608 1425 f1,⁰1¹¹‚th0

298 1417 337 1451 ¹¹·
426 1426 495 1485 licet
513 1431 654 1489 Johsnnis
676 1434 767 1491 Ducis
783 1436 970 1501 Lancastriae,
994 1439 1045 1507 qui
1063 1444 1182 1509 propter
1197 1438 1387 1508 maritagium
1408 1439 1476 1494 filiae
1488 1413 1605 1531 fflffim
1616 1422 1642 1467 ω

425 1511 516 1578 Petri,
538 1518 682 1585 quondam
700 1519 791 1591 Regis
813 1520 958 1586 Castellae,
977 1527 1007 1577 et
1029 1522 1163 1585 haeredis,
1185 1538 1216 1575 se
1241 1522 1313 1576 dicit
1330 1522 1474 1593 “Regem
1486 1547 1558 1612 bury,
1568 1497 1592 1531 τ’

426 1599 445 1621 “
465 1597 631 1656 Castellae.”
667 1604 707 1658 Et
718 1605 796 1673 qnod
808 1606 901 1677 parati
915 1612 1022 1670 essent,
1037 1605 1267 1675 quandocunque
1279 1606 1409 1676 placeret
1420 1625 1474 1678 pro

423 1680 533 1736 eisdem
547 1685 674 1752 mittere,
688 1688 725 1742 ad
738 1689 913 1743 veniendum
925 1696 956 1744 et
968 1688 1143 1744 obviandum
1158 1688 1285 1755 eisdem,
1303 1696 1333 1744 et
1347 1687 1470 1761 ¹[quod]

423 1782 522 1821 omnes
539 1771 672 1826 concives
690 1772 737 1827 vel
755 1771 967 1830 ²convicaneos
985 1792 1053 1829 suos
1072 1774 1243 1829 inducerent
1260 1773 1297 1827 ad
1314 1775 1471 1830 tenendum

423 1867 488 1903 cum
505 1852 633 1920 eisdem3
650 1860 680 1910 et
697 1855 786 1911 nullm
802 1863 877 1912 taxae
891 1858 927 1913 de
942 1864 1048 1913 cantero
1063 1857 1193 1911 levando
1212 1857 1243 1910 in
1259 1875 1350 1928 regno
1371 1858 1472 1929 adqui·

423 1942 553 1991 escerent
576 1944 628 1994 aut
645 1941 848 2007 consentirent,
874 1941 932 1996 nisi
958 1941 1188 2012 qnintaedecimae
1213 1959 1301 2011 quam
1324 1948 1422 2012 patres
1441 1950 1471 1998 et

422 2024 617 2078 antecessores
635 2041 737 2079 eorum
756 2026 937 2081 solummodo
955 2032 1100 2081 noverunt
1117 2032 1147 2079 et
1164 2032 1398 2096 acceptaverunt.

456 2103 559 2176 Itaque
579 2109 688 2163 factum
710 2115 764 2174 est,
784 2117 818 2165 ut
835 2128 901 2165 mox
919 2111 998 2165 fama
1017 2111 1106 2180 hujus
1125 2111 1194 2165 sacti
1222 2110 1252 2163 in
1272 2109 1466 2177 Suthsexiam,
1482 2113 1620 2166 'Pheneos

421 2184 584 2245 eominus
608 2192 788 2248 Hessoroiae
813 2201 843 2249 et
867 2194 1069 2264 Cantibrigiae,
1093 2194 1291 2258 socordiam,
1312 2200 1342 2249 et
1358 2193 1467 2249 norea
1480 2183 1636 2261 rectene

420 2270 565 2339 folcmaro,
593 2284 712 2347 reponte
736 2278 964 2345 diffunderetur3
997 2285 1117 2349 eratque
1146 2296 1254 2348 magna
1282 2249 1612 2366 ³expectatioffiffig⁸⁸

420 2357 509 2413 totins
521 2359 625 2430 plebis,
641 2363 711 2433 quid
722 2363 793 2418 ⁴sibi
806 2364 917 2419 vellent
927 2364 991 2419 haec
1003 2364 1108 2429 omnia,
1123 2368 1153 2418 et
1165 2380 1304 2433 quorsum
1315 2364 1468 2420 tenderent
1600 2355 1607 2367 ⁹

421 2449 516 2512 coepto
533 2451 593 2499 tam
611 2446 776 2513 audaciter3
795 2447 898 2503 multis
917 2448 1138 2519 conjicientibus
1156 2464 1208 2518 pro
1223 2447 1338 2502 meliori
1358 2449 1466 2514 futuro,

423 2527 596 2594 quibusdam
622 2531 792 2587 timentibus
819 2550 854 2586 ea
878 2533 909 2587 in
928 2533 1088 2603 perniciem
1114 2532 1205 2587 totius
1230 2532 1314 2601 regni
1340 2550 1466 2588 cessura.

422 2609 602 2668 Divisiouem
618 2634 742 2687 namque
756 2618 841 2687 regni
853 2617 1107 2687 praeloquebantur
1122 2616 1230 2672 talibus
1247 2616 1325 2671 ausis
1340 2618 1467 2682 evenire,

421 2702 451 2751 et
477 2714 529 2768 per
555 2717 734 2772 consequens
764 2701 828 2771 ejus
859 2701 1067 2757 desolationem
1097 2707 1127 2755 et
1155 2700 1392 2757 destructionem.
1429 2702 1469 2757 Et

420 2798 486 2834 cum
519 2784 683 2855 acciperent
711 2785 805 2841 indies
836 2785 1047 2840 incrementum
1076 2784 1277 2855 hujuscemodi
1309 2803 1467 2857 congrega-

419 2865 521 2930 tiones,
547 2867 659 2939 etjam
683 2871 744 2924 fere
767 2869 884 2925 ⁵saotns
908 2870 1014 2925 fuisset
1037 2886 1138 2924 corum
1162 2886 1300 2924 numerus
1324 2870 1464 2934 infinitus,

418 2949 459 3004 ita
487 2956 522 3005 nt
553 2953 663 3008 nullius
698 2954 894 3010 resistentiam
930 2954 1178 3025 pertimescerent,
1209 2960 1361 3024 coeperunt
1389 2956 1466 3009 sacta
1479 2947 1628 2999 Theium·

416 3042 577 3090 monstrare
601 3038 733 3108 quaedam
758 3057 823 3110 quar
847 3044 944 3093 monte
969 3043 1168 3108 conceperant,
1190 3042 1220 3092 et
1239 3056 1340 3092 omnes
1358 3044 1388 3093 et
1406 3038 1463 3092 sin·
1477 3022 1632 3134 ffitelaffiu

413 3119 498 3187 gulos
519 3120 596 3192 juris
616 3128 702 3178 terras
720 3123 839 3196 peritos,
861 3130 922 3179 tam
942 3122 1136 3194 apprenticios
1154 3140 1243 3192 quam
1262 3139 1345 3178 senes
1371 3120 1390 3177 J
1392 3122 1462 3177 usti·
1475 3163 1578 3211 pm„

413 3204 526 3268 ciarios,
541 3213 571 3261 ot
585 3214 703 3263 cunctos
718 3209 865 3278 juratores
879 3209 991 3280 patriar,
1006 3226 1078 3278 quos
1091 3207 1306 3278 apprehendere
1319 3213 1460 3279 poterant,
1476 3219 1613 3267 connected

413 3289 474 3344 sine
492 3291 554 3346 ullo
571 3300 706 3363 respectu
728 3293 855 3364 pietatis,
876 3293 980 3364 capitis
1000 3293 1181 3348 tramontiono
1202 3291 1364 3356 mulctare;
1384 3308 1461 3430 aasz
1473 3281 1610 3409 Rhgflggd

412 3381 508 3430 rentes
535 3395 601 3441 non,
627 3378 799 3448 priusquam
823 3377 884 3432 illis
903 3377 1017 3441 occisis,
1043 3383 1152 3432 terram
1176 3377 1304 3446 ingenua
1325 3375 1431 3430 liberta
1472 3415 1573 3480 dewy
1588 3417 1631 3466 the

411 3475 497 3528 posse
515 3462 653 3531 gaudere.
691 3462 807 3517 Placuit
825 3462 881 3517 iste
900 3479 996 3517 sermo
1013 3461 1200 3516 vehementer
1217 3459 1346 3524 rusticis,
1366 3465 1405 3524 et,
1425 3476 1460 3514 ex
1473 3483 1535 3532 r011,
1546 3485 1597 3533 ,nd

412 3544 572 3601 minoribus
603 3546 715 3618 majora
744 3546 950 3618 concipientes,
982 3551 1148 3601 statuerunt
1176 3562 1277 3600 omnes
1312 3544 1461 3600 curiarum
1473 3549 1575 3599 ancient

410 3629 521 3684 rotulos
534 3639 564 3684 et
574 3633 755 3686 munimenta
772 3638 871 3687 vetera
885 3630 955 3685 darc
974 3629 1108 3694 flammis,
1125 3636 1168 3694 ut,
1185 3629 1315 3684 obsoleta
1329 3628 1461 3700 antiqua·
1473 3617 1583 3667 remis·

410 3730 476 3767 rum
493 3731 593 3769 rerum
614 3716 762 3780 memoria,
791 3716 906 3770 nullum
927 3715 978 3786 jus
1003 3714 1118 3769 omnino
1142 3713 1273 3784 ipsorum
1297 3713 1407 3768 domini
1430 3713 1462 3767 in

410 3813 459 3851 eos
477 3797 509 3851 in
525 3805 674 3869 posterum
698 3800 852 3855 vendicare
869 3798 1017 3864 valerent3
1044 3800 1210 3868 laetumque
1229 3804 1275 3853 est
1298 3798 1348 3852 ita.
1385 3796 1598 3852 Nec-Inertnees

410 3881 479 3935 dum
501 3884 642 3954 evigilare
663 3883 782 3939 voluere
801 3884 912 3938 domini
930 3882 968 3938 ad
985 3882 1161 3938 obviandum
1187 3883 1277 3937 tantis
1301 3881 1458 3952 nequitiis3
1474 3867 1554 3945 (ΜΘ,

409 3965 461 4020 sod
482 3967 563 4023 solut
579 3975 743 4033 stertentes,
761 3967 840 4023 domi
860 3967 1042 4038 quiescentes
1059 3967 1223 4021 immobiles
1241 3966 1458 4038 permanebant,
1472 3950 1622 4065 fffiffiffl

408 4050 498 4107 donec
525 4053 689 4108 Kentonses
719 4058 749 4108 et
778 4052 955 4107 Estsaxones
985 4051 1251 4122 appropinquantes
1282 4051 1338 4106 sibi
1368 4067 1459 4105 unum
1472 4068 1613 4136 thepwple

408 4135 580 4192 conflassent
594 4137 763 4203 exercitum,
777 4137 862 4208 quasi
878 4135 915 4191 de
931 4143 1048 4192 centum
1065 4136 1197 4190 millibus
1215 4134 1411 4191 communium
1429 4140 1460 4189 ct
1471 4137 1577 4188 osKent

409 4221 592 4277 rusticorum.
631 4222 811 4276 Currebatur
835 4221 872 4276 ed
890 4238 939 4277 eos
964 4238 1067 4277 revera
1084 4238 1120 4275 ex
1137 4219 1216 4275 omni
1239 4225 1322 4290 parto
1346 4219 1382 4274 ab
1399 4217 1458 4274 hiis
1471 4204 1612 4282 ”lilim

409 4305 459 4375 qui
480 4307 527 4361 vcl
546 4307 678 4380 oppressi
702 4306 818 4362 fuerant
841 4324 899 4362 mro
917 4305 1022 4371 alieno,
1041 4305 1089 4360 vel
1113 4321 1265 4360 censuram
1280 4302 1357 4372 juris
1374 4303 1458 4359 time·
1470 4278 1547 4321 ΠΜ·
1596 4336 1599 4339 -

409 4390 478 4444 bant
502 4399 620 4464 proptor
644 4391 808 4456 malefacta,
837 4397 867 4447 et
893 4391 981 4447 fiebat
1005 4390 1194 4462 plebanorum
1218 4387 1454 4459 conglomeratio,

412 4580 613 4589 ..α--α-μ,

440 4704 580 4776 ¹Supplied
602 4712 667 4763 from
686 4711 755 4763 Bibl.
780 4712 843 4778 Reg.
877 4717 907 4762 13
984 4712 1164 4776 'conspectolio
1185 4710 1212 4761 in
1228 4710 1306 4777 orig.;
1324 4713 1451 4764 corrected

406 4792 435 4840 Ε.
447 4791 482 4841 ix.
495 4793 545 4842 and
557 4791 600 4843 the
611 4792 710 4857 printed
721 4800 796 4844 texts.
952 4793 1015 4842 from
1034 4793 1076 4842 the
1087 4792 1187 4856 printed
1199 4799 1273 4842 texts.

438 4871 626 4936 ²Apparently,
648 4870 855 4920 eooimnnioundoa
881 4871 907 4920 iu
985 4873 1028 4920 ⁴si
1038 4869 1065 4920 in
1077 4870 1210 4922 Camden’s
1222 4881 1284 4923 text.

403 4951 467 5015 orig.
480 4971 487 5009 3
504 4953 662 5001 convicaneos
673 4952 700 5002 in
711 4952 779 5000 Bibl.
797 4951 862 5014 lleg.
877 4956 906 5000 13
985 4957 1094 5021 ⁵sacmm
1105 4953 1132 5005 iu
1145 4957 1187 5006 the
1197 4956 1297 5019 printed
1306 4962 1380 5008 texts.

404 5031 478 5083 Βάκ.
491 5052 497 5092 ;
510 5031 663 5081 ceremiam
671 5031 714 5083 the
726 5032 826 5096 printed
833 5038 907 5081 texts
