3750 6250
741 1111 904 1161 mareau
926 1106 1133 1160 aramenus.
1394 1094 1459 1157 433

282 1294 386 1347 aniel.
415 1286 569 1357 primimus
587 1286 625 1341 ad
641 1287 802 1353 cautelam
829 1303 954 1357 quorum
971 1285 1138 1341 interventu
1154 1282 1254 1338 fulciri
1271 1282 1414 1354 sperabat,
1435 1282 1460 1336 ei
1472 1294 1540 1345 AUD
1556 1299 1627 1345 138⁰.

282 1379 330 1500 3
328 1367 358 1411 ¹³
415 1372 490 1427 forte
508 1371 666 1443 quicquam
683 1371 800 1426 adversi
817 1387 959 1442 passurus
982 1375 1070 1426 esset
1106 1367 1319 1438 Hujnscemodi
1337 1366 1461 1422 occasio·

415 1456 502 1511 nibus
532 1457 685 1520 animatus,
716 1455 883 1526 ingreditur
909 1455 1007 1510 locum
1035 1471 1152 1526 pugnas,
1184 1459 1214 1507 et
1241 1452 1393 1523 premisso
1424 1450 1461 1504 ab

416 1539 582 1595 adversario
610 1558 672 1604 suo,
693 1539 797 1605 milite,
823 1539 1001 1611 juramento,
1026 1545 1114 1610 prout
1137 1538 1228 1592 moris
1253 1542 1307 1601 est,
1338 1541 1369 1591 et
1397 1534 1460 1605 ipse
1474 1532 1541 1584 Oeth
1555 1532 1628 1582 mede

415 1623 495 1678 idem
513 1623 628 1694 jmarit
651 1623 798 1689 audacter,
822 1623 970 1689 videlicet,
991 1623 1069 1694 quod
1092 1640 1189 1684 causa,
1213 1621 1245 1675 in
1269 1638 1327 1691 qua
1349 1598 1579 1691 pugna-bybeth

416 1714 501 1763 turus
517 1714 589 1774 erat,
614 1726 685 1763 vera
707 1709 774 1773 fuit,
800 1713 831 1763 et
854 1708 931 1779 quod
951 1726 1009 1762 non
1033 1713 1095 1762 erat
1118 1706 1250 1761 conscius
1274 1704 1365 1760 ullius
1388 1666 1573 1783 artisffl

417 1792 548 1862 magicae,
574 1810 627 1863 per
652 1810 740 1863 quam
765 1792 801 1847 de
820 1791 988 1847 adversario
1004 1797 1104 1862 posset
1121 1795 1270 1861 reportare
1290 1790 1460 1855 victoriam

416 1894 470 1931 nec
487 1876 623 1947 gestabat
641 1894 729 1948 super
754 1894 786 1932 se
811 1877 943 1941 herbam,
964 1881 1015 1932 aut
1033 1875 1169 1946 lapidem,
1196 1892 1250 1929 neo
1274 1874 1464 1945 experimenti

417 1977 519 2039 genus,
539 1960 646 2031 quibus
665 1961 760 2016 solent
775 1960 901 2015 malefici
919 1960 956 2014 de
973 1959 1106 2015 hostibus
1124 1960 1314 2031 triumphare

452 2035 564 2112 Quibus
581 2045 701 2141 paratis,
721 2050 753 2099 et
769 2045 805 2099 ab
824 2050 948 2113 utroque
967 2043 1070 2099 devote
1094 2044 1315 2107 orationalem,
1335 2034 1632 2114 pugnamPssffieulffl

416 2128 534 2194 ineunt;
561 2129 657 2200 primo
679 2129 799 2193 lanceis,
821 2127 925 2183 deinde
944 2128 1061 2199 gladiis,
1080 2133 1227 2198 postremo
1245 2127 1382 2191 cultellis,
1402 2102 1558 2217 rem⁰s²¹¹be
1552 2176 1585 2217 t

417 2217 546 2284 agentes.
584 2214 753 2284 Pugnatum
770 2218 817 2267 est
834 2230 905 2284 ergo
917 2211 1040 2278 diutim,
1055 2213 1145 2267 donec
1158 2213 1255 2267 omnia
1272 2213 1467 2267 instrumenta

415 2296 522 2352 bellica
532 2297 680 2368 armigero
692 2297 896 2367 subripuisset.
917 2295 1047 2351 'Pandam
1059 2296 1188 2367 armiger
1200 2315 1218 2351 a
1229 2296 1323 2350 milito
1335 2297 1466 2350 virtuose

416 2382 620 2452 prosternitur,
646 2387 677 2436 et
692 2381 778 2435 miles
797 2398 829 2437 se
846 2386 984 2452 preparat
1001 2380 1038 2435 ad
1055 2380 1227 2436 irruendum
1253 2381 1285 2435 in
1309 2399 1395 2447 eum;
1415 2381 1467 2436 aed

416 2471 523 2530 tamen,
533 2465 638 2520 sudore
646 2466 817 2521 decurrente
829 2483 882 2536 per
894 2465 1038 2519 cassidem
1051 2464 1219 2536 aliqualiter
1226 2466 1294 2520 visu
1302 2465 1466 2529 hebetatus,

418 2549 488 2604 dum
508 2548 602 2605 credit
628 2550 818 2620 semetipsum
840 2549 984 2621 projicero
1003 2566 1185 2619 supereum,
1205 2568 1223 2604 a
1240 2549 1331 2603 latere
1349 2551 1468 2612 corruit,

418 2634 564 2705 armigero
601 2650 659 2688 non
695 2633 939 2705 appropinquans.
986 2631 1070 2700 Quod
1107 2634 1289 2705 persentiens
1327 2635 1466 2705 armiger,

419 2734 585 2788 quanquam
611 2717 675 2788 jam
703 2733 777 2788 pene
807 2717 949 2771 exanimis
973 2716 1068 2772 lactus
1099 2723 1177 2774 esset
1205 2736 1266 2788 pras
1296 2718 1404 2783 labore,
1437 2736 1469 2774 se

418 2801 563 2857 convertit
577 2800 615 2856 ad
630 2799 775 2864 militem,¹
787 2798 839 2871 [et,
857 2800 967 2872 injecta
977 2818 1065 2854 manu
1083 2818 1262 2873 supereum,
1280 2804 1469 2875 semetipsum

419 2885 537 2955 erigens
563 2901 651 2955 super
675 2902 781 2955 corpus
807 2884 921 2949 militis,
950 2889 1045 2939 totum
1066 2884 1155 2955 jecit;
1184 2903 1241 2955 quo
1267 2888 1340 2951 viso,
1361 2887 1469 2943 diversi

420 2969 537 3023 diverse
559 2967 762 3038 loquebantur.
800 2966 925 3036 Quidem
952 2967 1121 3023 asserebant
1146 2968 1210 3040 J'am
1234 2968 1372 3041 militem]
1397 2973 1468 3026 infe·

419 3052 528 3107 riorem
552 3052 685 3116 existere,
712 3058 743 3107 et
771 3052 837 3106 ideo
867 3052 1040 3123 quantocius
1064 3051 1283 3107 devincendum.
1318 3054 1380 3109 Alii
1398 3073 1468 3109 vero

421 3137 556 3192 dicebant
581 3137 705 3193 militem
731 3137 763 3191 in
789 3137 920 3209 proximo
948 3142 1158 3201 surrecturum,
1193 3144 1222 3193 et
1251 3139 1405 3193 victoriam
1435 3140 1471 3194 de

422 3222 568 3291 armigero
596 3220 775 3276 habiturum.
822 3220 940 3276 Interea
964 3220 1027 3274 Rex
1044 3237 1146 3291 pacem
1171 3220 1291 3276 clamari
1321 3224 1470 3295 praecepit,

423 3311 453 3360 et
478 3305 604 3359 militem
635 3304 728 3359 levari
757 3304 793 3358 de
822 3309 911 3359 terra,
962 3302 1040 3372 Quid
1068 3304 1182 3361 multa?
1228 3305 1388 3361 Mittuntur
1421 3308 1472 3378 qui

423 3389 604 3458 armigerum
615 3388 750 3459 erigunt;
773 3387 826 3443 sed
843 3405 911 3443 cum
927 3388 1131 3460 pervenissent
1147 3388 1185 3443 ad
1202 3389 1336 3455 militem,
1356 3392 1473 3462 rogavit

423 3490 490 3527 cum
516 3472 656 3527 instantia
672 3477 707 3526 ut
723 3469 867 3526 Dominus
891 3471 955 3526 Rex
977 3472 1129 3543 permittat
1146 3490 1213 3527 eum
1230 3474 1316 3528 modo
1334 3481 1473 3545 prateolo
1527 3511 1529 3514 ⁴

420 3556 528 3628 jecere,
550 3572 683 3611 asserens
701 3555 758 3611 sibi
778 3555 852 3610 bene
875 3573 950 3621 esse,
973 3562 1003 3611 et
1025 3556 1178 3611 victoriam
1195 3563 1420 3628 reportaturum,
1447 3559 1472 3614 si

423 3641 552 3712 armiger
568 3645 726 3713 reponatur
742 3639 828 3695 modo
847 3658 904 3710 quo
921 3640 1005 3711 prius
1019 3640 1115 3711 jacuit
1132 3656 1220 3712 super
1237 3659 1313 3697 eum.

459 3725 588 3780 Tandem
611 3742 679 3781 oum
702 3724 788 3780 miles
811 3742 869 3779 non
893 3730 994 3795 posset
1022 3728 1091 3779 vota
1115 3742 1169 3780 sua
1195 3728 1334 3798 consequi
1360 3729 1392 3784 in
1418 3729 1473 3784 hac

423 3815 516 3880 parte,
535 3809 670 3881 permisit
688 3826 719 3864 se
736 3808 830 3863 levari
848 3808 884 3862 de
901 3814 989 3863 terra.
1028 3807 1084 3876 Qui
1103 3826 1169 3863 mox
1186 3817 1341 3881 postquam
1359 3813 1472 3868 levatus

425 3900 479 3958 est,
500 3894 563 3951 sine
582 3892 753 3948 fulcimento
771 3892 945 3963 cujusquam
963 3893 1093 3963 perrexit
1116 3892 1153 3947 ad
1178 3893 1292 3965 Regem
1319 3897 1471 3952 alacriter:

425 3996 493 4033 cum
505 3978 643 4049 armiger,
656 3983 812 4048 postquam
823 3975 937 4030 levatus
953 3975 1067 4040 fuisset,
1081 3976 1145 4031 sine
1157 3983 1386 4035 sustentamento
1404 3982 1473 4036 duo·

425 4079 492 4116 rum
508 4062 670 4125 hominum,
688 4077 741 4114 nec
760 4065 847 4129 stare,
865 4075 919 4114 nec
931 4076 1079 4130 quoquam
1096 4062 1245 4132 progredi,
1265 4065 1423 4134 potuisset;
1444 4071 1474 4119 et

425 4146 534 4202 idcirco
546 4145 694 4216 depositus
706 4144 738 4198 in
749 4141 895 4206 cathedra,
909 4159 941 4198 se
953 4143 1035 4198 dedit
1052 4144 1153 4214 quieti.
1190 4145 1279 4201 Miles
1291 4149 1392 4218 igitur,
1406 4166 1474 4203 cum

425 4234 491 4285 ante
509 4229 623 4300 Regem
640 4228 777 4292 venisset,
795 4227 913 4298 rogavit
935 4244 1003 4283 eum
1029 4234 1060 4284 et
1082 4246 1227 4300 proceres,
1253 4238 1287 4286 ut
1312 4232 1368 4286 sibi
1392 4232 1474 4288 illam

425 4313 616 4369 concederent
626 4312 762 4383 gratiam,
775 4317 810 4367 ut
826 4312 934 4367 iterum
946 4312 978 4366 in
990 4311 1053 4368 looo
1071 4331 1129 4384 quo
1140 4315 1232 4385 prius,
1246 4322 1345 4385 posset
1361 4319 1472 4386 reponi,

425 4404 456 4453 et
472 4397 603 4468 armiger
620 4413 709 4467 super
727 4413 813 4461 eum;
832 4403 1018 4466 persenserat
1034 4397 1113 4451 enim
1124 4399 1304 4467 armigerum
1319 4399 1382 4470 jam
1399 4418 1473 4471 pene

424 4481 562 4536 ultimum
581 4481 684 4536 ilatum
705 4479 891 4544 emissurum,
907 4497 969 4550 prae
982 4480 1133 4535 nimietate
1151 4478 1215 4551 ²[et
1232 4480 1354 4553 laboris]
1376 4490 1407 4540 et
1426 4503 1473 4540 ca·

425 4566 506 4631 loris,
531 4571 562 4620 et
578 4581 725 4622 armorum
745 4563 970 4634 ponderositate,
991 4581 1056 4634 quie
1075 4564 1131 4619 sibi
1148 4565 1253 4620 vitales
1272 4565 1332 4620 fere
1352 4569 1473 4639 spiritus

459 4778 591 4832 ¹0mimd
619 4779 646 4829 in
673 4775 737 4838 orig.
759 4775 810 4824 and
831 4773 858 4822 iu
882 4772 926 4823 the
977 4773 1123 4834 aridaque.

425 4861 524 4928 printed
539 4866 625 4910 texo:
643 4855 758 4922 supplied
773 4854 839 4903 stom
857 4852 924 4903 Bibl.
1009 4854 1150 4918 ²Supplied
1165 4855 1229 4903 riom
1246 4856 1312 4908 Bibl.
1325 4857 1387 4924 Reg.
1402 4865 1432 4910 13
1443 4860 1473 4911 ll.

425 4943 489 5006 ch.
504 4945 533 4989 1³
545 4939 624 4990 niz
653 4933 848 4998 Intheprinted
859 4939 926 4982 texta
977 4934 1023 4984 ix.:
1037 4933 1141 4983 omitted
1152 4934 1179 4984 iu
1191 4935 1233 4986 the
1244 4936 1342 5000 printed
1353 4945 1428 4991 texts.

354 5009 357 5015 ¹
427 5020 470 5071 the
479 5017 622 5083 readingia,
630 5016 769 5080 inferiorem
777 5015 924 5073 cristatam,

1277 5113 1298 5160 Ε
1321 5114 1342 5161 E
