3750 6250
496 1044 561 1107 426
818 1060 949 1108 rnoun
972 1059 1209 1111 unnsmonnu

328 1242 583 1317 A.ll.1379.perai,
612 1246 664 1300 sed
683 1251 781 1300 tamen
807 1245 906 1315 pelagi
932 1247 1077 1316 profunda
1095 1248 1271 1313 ¹eulcautes,
1300 1247 1400 1318 juxta
1427 1243 1631 1304 meriturus

494 1331 615 1385 sincerae
627 1331 695 1384 vitm
714 1336 744 1384 et
762 1330 844 1383 bonae
857 1330 924 1384 fidei
943 1330 1067 1384 evadere
1085 1340 1275 1398 meruerrmt3
1298 1331 1387 1402 apud
1401 1347 1484 1400 quoe
1497 1327 1573 1381 illud
1584 1320 1634 1385 Res

327 1415 481 1467 SirThomas
493 1414 627 1468 mirabile
645 1414 777 1484 contigit.
817 1412 892 1467 Cum
911 1412 1053 1468 Dominus
1072 1415 1196 1470 Thomas
1215 1417 1325 1486 Perey,
1349 1419 1426 1485 post
1451 1418 1572 1468 tantum
1583 1386 1635 1437 ΕΠ

325 1483 461 1548 Peffll‘ss·
494 1498 640 1567 fragorem
659 1503 689 1552 et
706 1496 881 1550 horrendam
898 1497 1003 1551 mortis
1022 1497 1165 1554 diutinam
1184 1499 1445 1570 expectationem,
1470 1495 1570 1565 magis

325 1553 465 1666 Qud
492 1589 577 1651 aprus
591 1580 978 1636 fussermrefocuuneum
990 1582 1122 1637 membra
1133 1583 1239 1646 inedia,
1249 1583 1386 1653 vigiliis,
1398 1579 1566 1643 uberibus,

325 1681 434 1744 spaujgh
492 1673 522 1719 et
534 1672 578 1719 tot
590 1666 736 1728 aerumnis,
751 1665 902 1719 debilitata
914 1671 944 1719 et
957 1665 1089 1734 fatigata,
1104 1667 1178 1721 lecto
1189 1667 1237 1720 vel
1252 1666 1392 1721 molliori
1406 1665 1566 1728 stramine,

325 1747 388 1812 ship.
491 1749 714 1820 irruitrepcnte
734 1766 906 1819 supereum
925 1750 1007 1802 navis
1027 1749 1196 1819 Hispanico,
1217 1751 1345 1806 armatis
1366 1757 1494 1812 onusta,
1516 1749 1565 1818 qui

490 1833 632 1903 putabant
658 1850 725 1886 eum
752 1832 810 1886 levi
836 1832 954 1901 negotio
983 1838 1049 1902 post
1074 1839 1119 1888 tot
1141 1834 1304 1888 infortunia
1340 1830 1562 1903 superandum.

492 1916 550 1971 Sed
569 1917 641 1987 quid
659 1924 762 1986 ageret
792 1922 861 1970 tune
882 1917 968 1970 miles
990 1917 1126 1981 invictus,
1156 1936 1213 1971 non
1239 1936 1316 1988 opue
1353 1917 1463 1972 extitit
1494 1914 1561 1972 ²de·

490 2001 679 2066 liberatione;
707 2001 759 2055 sed
785 2018 851 2054 mox
869 2001 920 2054 ubi
946 2017 1000 2054 nec
1027 2000 1109 2055 locus
1136 2019 1189 2056 nee
1215 2009 1336 2072 tempus
1366 2019 1426 2073 pro
1459 2000 1562 2071 hujus·

489 2087 568 2141 modi
587 2086 788 2157 supponebant,
808 2086 887 2140 intra
905 2102 936 2139 se
955 2084 1088 2140 ³eeneuit
1110 2086 1185 2139 illud
1208 2086 1365 2140 modicum
1390 2085 1513 2156 vigoris
1532 2092 1560 2140 et

489 2171 610 2241 spiritus
628 2171 765 2224 militaris
785 2169 862 2240 quod
880 2177 1070 2233 remanserat,
1090 2170 1122 2223 in
1140 2170 1238 2225 hostes
1258 2169 1446 2241 expendere,
1468 2170 1557 2224 etsie

489 2254 602 2318 saltem,
623 2255 648 2308 si
667 2254 790 2309 victoria
808 2258 975 2321 negaretur,
1002 2253 1094 2307 vitam
1121 2254 1240 2308 honeste
1267 2254 1365 2308 finire.
1409 2252 1475 2307 Sed
1500 2254 1556 2307 for-

488 2347 560 2393 tuna
583 2339 660 2408 parti
687 2356 756 2400 sure,
786 2337 874 2389 immo
903 2335 993 2398 Deus,
1023 2337 1079 2390 sibi
1108 2338 1227 2406 suisque
1254 2337 1349 2391 robur
1377 2335 1511 2391 eontulit
1527 2350 1557 2390 et

489 2422 649 2484 cadmiam,
671 2427 701 2476 et
721 2420 756 2473 dc
777 2420 904 2473 inimicis
924 2420 1079 2474 victoriam
1103 2422 1273 2490 gratiosam.
1309 2421 1378 2475 Nec
1409 2422 1472 2475 suit
1490 2439 1554 2475 con·

489 2507 584 2560 flietus
603 2506 659 2560 iste
677 2511 905 2567 momentaneus,
930 2505 978 2558 vel
1006 2506 1064 2559 cito
1089 2507 1295 2576 pertransitus,
1326 2506 1379 2560 eed
1410 2524 1469 2577 per
1493 2511 1552 2560 tres

488 2590 573 2644 horas
599 2595 665 2643 ante
691 2588 867 2642 deditionem
894 2587 1023 2642 hostium
1053 2589 1188 2643 continue
1214 2589 1400 2660 perduravit.
1453 2589 1551 2660 Igitur

488 2681 555 2745 poet
581 2690 660 2725 mare
687 2671 828 2733 sedatum,
857 2672 1007 2741 cumipse
1024 2673 1091 2725 nari
1112 2691 1199 2742 quam
1219 2680 1391 2742 superatam
1420 2682 1547 2744 ceperat,

489 2765 519 2811 et
531 2756 664 2827 captivis,
680 2755 777 2818 rediit,
788 2755 980 2824 ⁴reportando
990 2755 1136 2825 duplicem
1150 2757 1265 2825 regioni
1279 2757 1430 2818 laetitiam,
1442 2756 1479 2809 de
1498 2775 1550 2811 sua

489 2840 583 2894 salute
609 2845 725 2894 serrata
743 2838 826 2893 etde
844 2839 969 2892 victoria
993 2839 1153 2908 praelibata.
1193 2839 1249 2906 Qui
1277 2857 1355 2903 mox,
1382 2847 1419 2894 ut
1441 2841 1547 2895 incola-

482 2942 554 2986 rum
575 2923 720 2993 colloquio
746 2923 804 2976 frui
827 2923 932 2993 potuit,
951 2941 1056 2977 navem
1075 2942 1163 2993 quam
1181 2931 1301 2994 ceperat
1327 2942 1381 2994 pro
1410 2926 1547 2979 cantione

488 3009 594 3078 posuit,
627 3008 752 3077 acceptis
784 3025 801 3060 a
830 3008 966 3076 patriotis
1004 3016 1120 3062 centum
1159 3008 1244 3062 libris
1282 3008 1412 3077 argenti.
1470 3008 1545 3062 Cum

489 3093 595 3163 quibua
626 3091 706 3145 illico
732 3091 870 3146 audacter
897 3090 1064 3162 ingreditur
1100 3109 1179 3146 mare
1208 3093 1327 3154 iterum,
1360 3098 1393 3147 et
1424 3110 1545 3147 cursum

487 3196 590 3231 versus
609 3174 761 3229 castollum
781 3175 817 3228 de
836 3175 932 3237 Brest,
954 3175 1038 3244 eujus
1056 3182 1119 3229 crat
1136 3176 1361 3246 concapitaneus
1387 3194 1457 3230 cum
1482 3177 1546 3230 Hu-

322 3259 361 3307 He
373 3259 467 3307 arrives
487 3280 563 3330 gone
581 3259 748 3321 Kalverlee,
768 3259 881 3327 dirigit,
901 3276 938 3311 ne
959 3258 1040 3312 locus
1059 3259 1119 3324 ille,
1140 3260 1250 3314 diutius
1263 3260 1438 3331 ⁵capitaneo
1455 3260 1546 3314 desti·

321 3325 402 3388 ⁸²s⁰¹y
487 3351 579 3409 tutus,
599 3343 692 3397 ullum
712 3343 842 3396 incurrat
859 3342 1052 3396 infortunium
1064 3361 1116 3413 per
1128 3362 1230 3397 manus
1243 3344 1366 3398 hostiles
1377 3366 1386 3410 ;
1408 3344 1446 3398 ad
1458 3363 1546 3414 quem

320 3392 435 3441 ”Bm
487 3429 594 3490 locum,
616 3427 740 3479 Domino
759 3425 891 3488 ducente,
912 3425 1039 3479 feliciter
1056 3427 1087 3480 in
1105 3427 1186 3479 brevi
1201 3428 1287 3496 juxta
1304 3435 1374 3482 vota
1399 3429 1544 3498 pervenit.

320 3544 361 3593 Sir
374 3545 414 3592 Hu
434 3546 450 3593 h
521 3513 565 3564 Ae
591 3528 648 3561 nou
667 3511 792 3561 multum
810 3515 876 3577 post
895 3510 965 3570 luem
988 3509 1129 3562 Dominus
1149 3510 1239 3578 Hugo
1259 3511 1420 3563 Kalverlee
1440 3522 1471 3564 et
1490 3512 1547 3564 Do·

320 3562 453 3675 Calvesi'iy
489 3593 771 3647 rnirursll'illol1nus
804 3592 946 3653 lllmlur-m,
968 3594 1134 3661 etquidem
1161 3592 1221 3648 alii.
1245 3593 1362 3647 diversa
1388 3594 1493 3648 littora
1518 3596 1547 3647 in

320 3680 369 3726 and
385 3679 427 3726 Sir
489 3678 597 3745 Augila
616 3684 645 3728 et
663 3676 806 3728 Hibernia
824 3677 995 3743 attigerunt.
1044 3677 1101 3729 Sed
1120 3678 1150 3729 iu
1168 3678 1225 3728 hiis
1244 3676 1445 3740 ‘'mirandum,
1469 3679 1547 3748 quod

319 3745 433 3825 william
488 3780 554 3815 eum
585 3762 683 3814 caeteri
720 3761 768 3812 rix
799 3761 857 3812 vitu
890 3760 1002 3812 salvata
1032 3761 1154 3813 evadere
1189 3770 1356 3829 potuertmt,
1400 3762 1547 3816 Dominus

318 3811 436 3927 Ξῑὲῖῗῖἲ
454 3896 467 3928 e
487 3846 612 3898 Thomna
639 3846 732 3912 Perey
758 3853 787 3897 ct
812 3844 954 3897 Dominus
975 3845 1064 3910 Euge
1089 3844 1245 3897 Kalverlee
1273 3846 1390 3898 nullum
1420 3865 1456 3899 ex
1486 3849 1547 3900 suis

318 3896 452 3994 rhemi)
486 3931 661 3990 horninibus,
689 3930 740 3981 sed
763 3946 816 3982 nee
842 3946 932 3997 equos
960 3928 1077 3998 quidem
1102 3929 1225 3997 aliquos,
1246 3929 1449 3998 perdiderunt.
1501 3932 1548 3983 hr-

317 4019 377 4073 ptst
486 4015 561 4067 tueri
590 4014 663 4066 libet
680 4014 711 4065 in
730 4013 851 4081 piretro
869 4013 987 4080 negotio
1007 4020 1036 4064 et
1055 4011 1219 4065 evidentem
1245 4012 1410 4066 vindictam
1437 4014 1547 4067 divinas

486 4098 651 4151 severitatis
682 4105 710 4149 ct
741 4097 925 4148 rnuuisestam
951 4095 1180 4148 misericordiam
1217 4096 1380 4149 Dominicre
1413 4098 1546 4167 pietatis.

486 4181 544 4234 ried
563 4199 598 4233 uc
614 4180 781 4249 judicemur
801 4178 866 4230 edio
885 4178 931 4230 vel
951 4180 1050 4231 satore
1071 4180 1216 4247 prosequi,
1233 4198 1358 4247 quorum
1382 4182 1549 4235 inforttuiia

484 4265 529 4316 rel
557 4266 686 4316 fortunas
711 4262 933 4321 deelaravimus,
966 4262 1053 4314 istum
1084 4262 1245 4324 materiam,
1267 4264 1481 4318 conserendam
1514 4267 1550 4319 ad

484 4365 685 4417 ‹preuieumpre
706 4364 820 4399 tertuum
840 4346 992 4414 placuerit,
1014 4346 1132 4397 lecturis
1150 4345 1404 4416 derelinquiniue3
1425 4350 1484 4403 hoc
1498 4370 1551 4421 pro

1247 4530 1299 4534 -—-.
1322 4531 1425 4538 Uidfi
1543 4537 1547 4542 ¹

521 4649 682 4694 'acerrumas
693 4645 719 4692 iu
730 4645 772 4692 the
783 4644 882 4706 printed
894 4652 969 4692 texts.
1008 4663 1011 4704 y
1065 4648 1229 4709 ⁵eupiluueus
1253 4650 1280 4696 iu
1302 4651 1384 4714 orig.;
1417 4660 1553 4706 corrected

518 4727 567 4774 eu
587 4725 754 4773 «interfatione
777 4723 804 4770 in
824 4723 892 4771 utu.
921 4724 984 4788 mg.
1008 4709 1011 4808 l
1032 4726 1095 4773 from
1108 4727 1150 4775 ne
1161 4728 1262 4789 printed
1274 4737 1350 4779 texts.

488 4811 517 4854 13
530 4807 558 4854 E.
571 4806 606 4852 ix.
620 4807 669 4852 und
681 4806 723 4852 the
735 4803 834 4865 printed
846 4812 920 4853 texts.
1064 4810 1073 4834 ‘⁵
1086 4807 1244 4870 Apparently
1253 4808 1357 4858 written
1370 4813 1555 4877 “jurandum’'

517 4885 629 4931 ³scuauit
638 4883 663 4929 iu
676 4883 739 4944 orig.
1030 4884 1056 4929 iu
1069 4884 1133 4946 orig.
1145 4905 1152 4942 ;
1165 4889 1295 4937 corrected
1306 4888 1375 4938 from
1389 4893 1438 4942 the
1451 4896 1556 4958 printed

518 4967 526 4993 ⁴
539 4964 676 5028 aprunculo
689 4965 715 5010 in
726 4964 768 5011 the
780 4963 880 5025 printed
891 4972 966 5011 texta
1030 4971 1103 5013 texts.
