3750 6250
664 1103 828 1156 HISTORIA
842 1104 1050 1156 inculcent.

441 1394 496 1458 Da
521 1395 702 1460 Eowsnoo
725 1412 808 1461 ress
831 1396 1079 1473 Gerounsruu
1101 1395 1273 1462 Securus.

289 1562 303 1612 1.
369 1559 440 1615 Post
477 1568 610 1624 mortem,
652 1561 731 1617 ¹toto
766 1562 876 1619 mundo
915 1562 1086 1627 deflendam,
1120 1561 1257 1617 Edwardi
1295 1558 1386 1631 Regis
1398 1562 1468 1616 Aa).
1481 1565 1552 1614 1807.

332 1645 444 1707 invicti,
481 1647 622 1702 successit
649 1648 677 1701 si
707 1647 785 1702 iilius
812 1666 883 1703 suus
911 1648 1082 1712 Edwardus
1121 1651 1312 1718 cognomento
1349 1643 1386 1698 de
1399 1629 1554 1749 Edffiltlo

1399 1713 1429 1747 su

1429 1780 1443 1815 Θ
1454 1778 1547 1815 Oion.

335 1728 585 1794 “'Kemervan,'’
623 1748 682 1786 non
718 1737 780 1786 tem
814 1732 882 1802 jure
918 1731 1104 1787 haereditario
1140 1749 1228 1803 qnam
1256 1729 1386 1786 unanimi
1399 1765 1428 1815 th

334 1832 454 1869 assensu
483 1832 637 1886 procerum
663 1822 693 1870 et
718 1824 899 1886 magnatum.
949 1817 1018 1872 Non
1042 1823 1140 1872 tamen
1171 1823 1324 1872 coronatus
1342 1820 1389 1872 est

335 1917 427 1970 usque
445 1898 482 1953 ad
500 1900 686 1955 duodecimas
705 1900 853 1956 Kalendas
871 1900 991 1967 Martii;
1012 1901 1126 1973 quando
1153 1919 1212 1956 una
1229 1918 1297 1956 cnm
1314 1916 1389 1955 nova

334 1984 458 2054 conjuge
483 2002 545 2048 sua,
574 1984 635 2039 iilia
659 1985 751 2055 Regis
785 1985 926 2050 Francia,
954 1985 1091 2051 Isabella,
1127 1985 1228 2057 regale
1256 1983 1390 2040 diadema

335 2069 471 2139 suscepit.
509 2068 733 2133 'Nihilominus
754 2069 890 2125 defuncto
913 2075 1005 2141 patre,
1033 2070 1188 2127 fidelitates
1207 2076 1237 2126 et
1253 2069 1390 2140 homagia

337 2171 355 2208 a
371 2153 500 2224 praelatis
519 2154 745 2224 proceribusque
764 2156 901 2226 suscepit.

288 2263 327 2306 se,
375 2238 433 2293 Sed
457 2238 552 2291 medio
571 2244 709 2308 tempore,
724 2239 913 2311 ⁴priusquam
932 2257 1037 2312 eorpus
1057 2246 1211 2313 paternum
1232 2237 1390 2311 sepulturas
1404 2239 1444 2290 He
1455 2238 1503 2290 im·

290 2318 325 2366 0¹2
338 2321 511 2384 traderetur,
530 2323 628 2393 posuit
651 2321 796 2377 maculam
820 2324 850 2376 in
871 2322 966 2394 gloria
984 2343 1046 2389 sua,
1072 2331 1185 2380 erectus
1209 2323 1241 2378 in
1260 2306 1557 2395 tyranni-1³¹,isonsthe

288 2421 299 2498 sl
336 2407 412 2468 dem,
433 2406 508 2460 undo
526 2424 593 2460 mox
611 2407 753 2462 contraxit
767 2408 925 2471 infamiam,
946 2415 1198 2480 perseveraturam
1210 2405 1389 2479 temporibus
1403 2374 1541 2493 gffl'rd

301 2489 307 2501 '
334 2490 489 2545 diuturnis.
525 2491 602 2545 Nam
612 2491 796 2546 Castrensem
808 2492 995 2564 Episcopum,
1007 2493 1164 2548 Dominum
1173 2491 1336 2548 Walterum
1353 2491 1389 2546 de
1403 2507 1541 2573 (Lichfield

334 2574 494 2646 Langtona
508 2576 593 2646 regni
605 2576 840 2641 thesaurarium,
856 2582 886 2632 et
898 2578 990 2648 patris
1003 2584 1186 2633 executorem
1198 2577 1388 2650 praecipuum,
1403 2577 1454 2627 and
1470 2575 1520 2626 Co-

337 2661 505 2714 executiono
530 2661 695 2715 testamenti
720 2660 835 2733 penitus
859 2661 1008 2734 impedita,
1032 2663 1096 2734 capi
1120 2663 1191 2717 feeit
1214 2668 1245 2717 et
1269 2661 1390 2726 includi,
1404 2644 1515 2707 mm

338 2763 371 2799 ac
396 2745 451 2798 Dei
471 2745 574 2799 timore
600 2751 631 2799 ct
656 2746 769 2800 Sanctae
793 2745 898 2800 Matris
922 2747 1062 2802 Ecclesiae
1080 2747 1189 2802 honere
1212 2747 1381 2820 postpositis
1405 2708 1549 2787 “imm

1384 2788 1391 2811 ἲ
1522 2802 1533 2815 ι

338 2828 493 2884 inhumane
520 2829 640 2884 tractari
660 2830 730 2885 secit
757 2830 890 2885 eundem.
935 2830 1033 2886 Causa
1059 2832 1220 2886 inimicitiae
1239 2832 1304 2896 fuit,
1325 2790 1522 2902 quinas&

338 2913 432 2968 dictus
458 2914 629 2985 Episcopus,
656 2922 738 2985 patre
767 2933 819 2969 suo
843 2915 969 2979 vivente,
1001 2915 1037 2969 de
1065 2916 1126 2971 suis
1151 2916 1293 2987 corripuit
1318 2910 1468 2970 inse-him·

338 2998 444 3062 tentiis,
465 2991 668 3070 et’superfluis
687 2999 866 3070 compescuit
888 3000 924 3053 ab
948 2999 1092 3069 expensis.
1130 3000 1175 3053 Ex
1198 3001 1295 3055 causis
1319 3017 1393 3070 pras·

339 3083 435 3138 missis
448 3084 578 3139 infensus
592 3084 744 3155 Episcopo,
764 3083 899 3139 ‘effrenis
908 3084 1027 3156 juvenis
1040 3100 1107 3139 eum
1121 3083 1255 3155 squalore
1270 3083 1394 3140 carceris

339 3169 489 3231 coartavit,
517 3176 547 3224 et
573 3169 707 3223 omuibus
726 3169 810 3224 bonis
835 3169 906 3235 suis,
934 3188 967 3223 ao
991 3168 1080 3223 etiam
1105 3169 1162 3223 sibi
1187 3169 1302 3232 debitis,
1329 3185 1393 3240 spo·

339 3252 438 3318 liarit3
473 3270 527 3308 nec
554 3260 617 3308 erat
642 3255 673 3308 in
697 3271 789 3324 regno
816 3254 867 3325 qni
894 3271 948 3325 pro
975 3271 1009 3308 eo
1036 3253 1158 3308 verbum
1183 3254 1278 3308 facere
1306 3270 1395 3307 ausus

339 3336 506 3399 mittente
531 3338 588 3392 fuit
612 3338 680 3393 bilis
703 3339 821 3409 juvenis
847 3345 949 3394 contra
966 3355 1042 3393 eum.
1081 3338 1165 3393 Fecit
1187 3338 1307 3408 insuper
1326 3336 1394 3392 Jus-

339 3422 468 3475 tieiurios
493 3423 641 3493 inquirere
666 3423 702 3477 dc
729 3441 853 3494 persona
874 3442 936 3487 sua,
962 3429 996 3478 ut
1020 3423 1047 3478 si
1072 3423 1228 3493 quicquam
1250 3421 1395 3476 inordina·

339 3514 402 3560 tum
428 3507 615 3576 reperissent,
644 3507 707 3561 Rex
725 3508 916 3579 proculdubio
942 3508 978 3562 ab
996 3525 1031 3562 eo
1049 3507 1128 3562 nitra
1157 3524 1257 3579 poenas
1275 3507 1396 3561 meritas

341 3590 494 3661 exegisset.
533 3591 686 3646 Rationem
705 3593 793 3647 etiam
812 3591 951 3663 ⁸expetiit
968 3591 1118 3646 abeodem
1136 3590 1173 3645 de
1192 3591 1285 3646 officio
1303 3589 1396 3645 ⁷'Phe-

342 3676 488 3737 saurarior,
507 3683 537 3730 et
549 3684 678 3747 tempore
695 3696 756 3732 suro
768 3670 1000 3731 ministrationis.
1040 3675 1118 3730 Sed·
1129 3676 1269 3730 Pontifice
1281 3692 1397 3747 semper

342 3761 477 3828 congruis
499 3761 575 3816 datis
594 3761 630 3814 ud
649 3761 763 3831 objecta
780 3761 937 3832 responsis,
968 3759 1050 3814 nullo
1072 3778 1160 3815 sensu
1177 3760 1273 3831 potuit
1297 3760 1396 3832 culpa·

343 3839 408 3894 bilis
428 3841 561 3894 inveniri.
607 3841 737 3895 Tandem
763 3843 909 3912 aspirante
933 3838 1034 3896 diviua
1051 3841 1156 3912 gratia,
1176 3847 1207 3895 et
1224 3842 1397 3896 auctoritate
1411 3834 1534 3886 Ultimie

342 3923 442 3994 Papaii
462 3925 617 3989 mediante,
646 3926 682 3979 ad
708 3926 921 3997 semi-gratiam
948 3925 1040 3995 Regis
1057 3925 1208 3995 recipitur,
1227 3925 1315 3980 rebus
1335 3925 1396 3980 suis
1409 3899 1548 4018 {fiffilff

342 4008 475 4063 omnibus
495 4008 675 4064 ⁹restitutus.
1540 3982 1563 4031 μ’

377 4092 486 4147 Eodem
504 4101 633 4165 tempore
655 4095 717 4149 Rex
732 4095 849 4167 juvenis
875 4094 1024 4150 revocavit
1045 4094 1082 4149 ab
1109 4095 1195 4149 exilio
1219 4092 1340 4149 Petrum
1358 4092 1395 4147 de
1410 4086 1540 4138 G⁸V0⁸20¹¹

344 4176 528 4243 Gai-cretone,
550 4181 600 4249 qni
631 4180 741 4233 dudum
760 4186 889 4250 tempore
907 4179 1000 4251 patris
1024 4179 1079 4244 sui,
1110 4180 1197 4234 certis
1224 4178 1260 4232 do
1287 4178 1393 4244 causis,
1409 4152 1565 4271 {offingen

344 4280 462 4318 assensu
492 4265 638 4319 communi
668 4278 821 4335 procerum
856 4271 885 4320 et
921 4270 1100 4335 magnatum,
1133 4263 1219 4317 exilio
1256 4269 1396 4334 perpetuo

948 4436 988 4441 —
998 4436 1004 4440 .
1011 4436 1086 4441 .-.--
1134 4436 1167 4440 .....
1180 4436 1184 4440 .
1229 4434 1255 4440 ..-
1262 4435 1392 4445 -....,-·

380 4548 384 4576 ¹
398 4548 439 4595 tori
449 4547 475 4596 in
489 4546 531 4598 tire
542 4547 641 4612 printed
653 4555 726 4597 texts.
933 4549 941 4576 ⁴
952 4549 1008 4598 The
1026 4547 1153 4613 languege
1170 4550 1200 4598 oi
1213 4547 1364 4600 'Prokeiowe
1376 4548 1399 4598 is

376 4629 384 4654 '·'
399 4628 554 4676 (formemur
567 4628 593 4676 in
605 4628 648 4677 the
659 4624 758 4692 printed
770 4632 846 4676 texts.
896 4627 983 4678 varied
994 4628 1171 4692 occasionally.

375 4708 420 4754 ³.i
435 4707 496 4771 long
512 4723 617 4772 passage
637 4707 663 4754 in
682 4708 807 4755 reference
818 4714 849 4755 to
930 4706 1053 4773 'pierias
1064 4706 1091 4754 in
1103 4705 1183 4771 orig.;
1200 4706 1370 4773 erroneously.

344 4784 384 4832 the
412 4787 536 4850 marriage
562 4787 611 4835 and
639 4785 784 4835 eoronation
819 4784 851 4834 of
930 4786 1111 4850 'rexpetiitin
1132 4785 1175 4836 the
1194 4786 1293 4851 printed
1311 4797 1396 4842 texts:

346 4864 451 4913 Erisard
469 4866 512 4925 11,
530 4865 613 4915 which
634 4880 737 4930 appears
757 4863 784 4912 in
802 4864 846 4913 the
895 4861 996 4924 expetiit
1005 4860 1032 4908 in
1045 4860 1101 4910 MS.
1110 4860 1177 4910 Bibi.
1190 4862 1253 4926 Reg.
1266 4868 1295 4912 13
1308 4865 1338 4914 R.
1351 4865 1388 4915 ix.

343 4944 440 5006 printed
452 4952 526 4999 texts.
538 4945 560 4994 is
572 4945 631 4993 here
642 4943 746 4993 omitted
763 4943 789 4991 in
802 4942 845 4991 the
930 4943 938 4968 ¹
952 4939 1099 4988 thesaurarii
1107 4940 1135 4988 in
1146 4938 1189 4991 the
1200 4942 1300 5006 printed
1313 4952 1388 4994 texts.

343 5023 457 5072 Arundei
482 5024 538 5072 MS.
574 5026 622 5072 Sec
649 5023 692 5072 the
720 5025 735 5050 ‘⁶
752 5021 844 5071 Varia·
928 5018 1066 5082 ⁸Pontifici
1076 5019 1103 5068 iu
1115 5020 1157 5069 the
1168 5021 1268 5085 printed
1279 5029 1354 5075 texts.

343 5112 357 5128 ··
369 5101 458 5164 tiens?
470 5102 496 5151 in
509 5103 551 5154 the
560 5101 705 5166 Appendix.
929 5099 1069 5148 ’restitue
1079 5099 1106 5148 in
1118 5099 1160 5149 the
1171 5101 1271 5165 printed
1281 5107 1356 5153 texts.
