3750 6250
501 1043 566 1106 208
828 1055 960 1104 ruorra
982 1053 1218 1104 warsutcrrasr

329 1233 483 1286 All-1³³9·
498 1242 518 1268 “
538 1243 724 1310 ‘vestrasque
743 1237 838 1304 Sedis,
858 1239 981 1296 devotus
1006 1245 1037 1295 et
1054 1237 1175 1294 humilis
1194 1239 1283 1306 filins,
1302 1255 1361 1296 non
1377 1239 1544 1314 privignus.
1556 1245 1646 1300 lffilh

497 1327 516 1351 “
538 1324 603 1379 ‘Ex
621 1342 679 1396 quo
696 1341 754 1378 uon
773 1323 835 1379 sine
854 1325 968 1378 ratione
986 1341 1148 1396 speramus,
1169 1326 1248 1395 qnod
1265 1331 1365 1382 nostra
1381 1325 1545 1392 humilitas,
1556 1319 1606 1366 ⁶⁵⁵·

496 1411 515 1435 “
537 1409 635 1464 'faeta
646 1408 739 1479 major
751 1414 782 1463 et
802 1408 913 1462 firmior
931 1426 985 1480 per
1002 1407 1077 1462 illud
1095 1407 1173 1480 quod
1190 1427 1247 1462 nou
1264 1410 1375 1465 meruit
1390 1379 1646 1497 nocrimen-{lxu

496 1495 514 1519 “
536 1495 631 1558 ‘tum,
651 1505 758 1548 restrae
777 1499 907 1564 paternas
931 1491 1064 1546 caritatis
1085 1499 1116 1546 et
1145 1491 1249 1562 gratiae
1279 1493 1413 1548 invenire
1442 1493 1636 1580 debectgffl

495 1580 513 1602 “
535 1577 762 1632 ‘exuberantius
783 1578 1004 1642 incrementum,
1019 1583 1053 1631 ut
1071 1575 1149 1646 quod
1161 1576 1245 1632 uobis
1257 1576 1423 1632 insontibus
1434 1577 1545 1642 intulit,

494 1665 512 1687 “
535 1659 639 1732 “qum
664 1661 817 1732 praecessit
847 1659 991 1730 asperitas
1019 1659 1196 1731 punctionis,
1229 1677 1356 1731 sequens
1382 1661 1492 1718 debeat
1519 1669 1549 1718 et

505 1749 512 1772 ⁴
535 1749 725 1816 ‘compenset
750 1753 857 1799 vestrm
883 1743 989 1798 lenitas
1014 1743 1170 1798 unctionis.
1216 1743 1304 1800 Hunc
1322 1751 1422 1801 autem
1439 1751 1547 1802 nostra

505 1833 512 1855 ‘
534 1833 542 1856 ‘
552 1829 687 1899 justitiae,
708 1836 739 1885 ct
756 1837 857 1884 contra
874 1845 927 1882 uos
946 1826 1064 1899 injuriae
1083 1829 1127 1883 sic
1145 1827 1357 1900 multiplicatos,
1376 1847 1546 1902 processum

494 1917 512 1940 ‘⁴
534 1914 783 1984 ‘prteemineutise
801 1919 908 1968 restrui
934 1912 1027 1968 sancti
1052 1911 1191 1966 culminis
1210 1913 1389 1979 intimamus,
1403 1921 1548 1970 utvestra

494 2001 512 2023 ‘⁸
533 1999 671 2052 ‘summa
689 2005 846 2067 sanctaque
865 2013 1004 2050 mensura
1026 1995 1094 2050 boui
1112 2003 1143 2050 et
1161 1997 1249 2066 requi,
1268 1997 1354 2068 eujus
1372 2015 1391 2052 a
1408 1997 1473 2052 Deo
1491 1997 1546 2054 sibi

493 2082 513 2106 “
533 2081 695 2152 ‘competit
721 2081 791 2135 dara
817 2079 924 2144 clares,
946 2079 1060 2150 aperire
1086 2085 1117 2134 et
1140 2080 1277 2135 claudere
1295 2080 1327 2136 in
1344 2089 1427 2136 terra
1442 2081 1545 2152 positis

493 2167 511 2191 “
533 2167 652 2236 ‘portas
683 2164 760 2228 coeli,
792 2170 880 2235 prout
910 2163 1004 2232 exigit
1039 2162 1189 2233 plenitudo
1226 2182 1287 2219 suos
1322 2165 1487 2236 potestatis,
1518 2171 1547 2220 et

493 2251 511 2274 “
534 2252 540 2275 ¹
555 2249 753 2319 praecellentia
771 2248 817 2302 sui
838 2248 902 2312 fori,
924 2253 1066 2317 quantum
1084 2248 1175 2302 fuerit
1186 2248 1318 2312 rationis,
1330 2250 1431 2304 favere
1443 2249 1547 2304 debeat

494 2337 512 2358 ·‘
534 2335 655 2388 ‘nostro
679 2333 751 2404 juri,
771 2333 867 2404 parati
889 2348 1015 2402 semper,
1035 2331 1142 2386 nedum
1162 2350 1180 2386 a
1197 2339 1296 2388 restro
1315 2339 1416 2388 saneto
1433 2333 1546 2389 cunetis

493 2427 512 2442 ··
534 2419 541 2442 ‘
555 2416 730 2487 praesidente
746 2416 869 2486 judicio,
885 2415 974 2470 immo
994 2425 1024 2470 et
1041 2434 1059 2469 a
1070 2415 1202 2485 quolibet
1214 2417 1272 2470 alio
1284 2416 1320 2470 de
1336 2418 1464 2474 veritato
1481 2436 1546 2472 con-

493 2503 511 2526 “
533 2501 649 2564 ‘trarii,
678 2501 702 2554 si
730 2500 796 2570 quis
824 2517 889 2554 eam
914 2498 1040 2562 noverit,
1060 2498 1212 2554 humiliter
1237 2499 1399 2557 informari.
1438 2503 1479 2556 Et
1496 2503 1545 2574 qui

492 2588 511 2610 ⁶·
534 2586 541 2610 ‘
555 2590 657 2654 sponte
671 2582 776 2638 rationi
791 2582 975 2654 subjicimur,
989 2581 1078 2637 aliam
1091 2582 1189 2637 datam
1201 2583 1285 2638 nobis
1297 2583 1428 2656 intelligi
1440 2587 1545 2642 verita·

492 2671 511 2694 “
533 2671 614 2722 ‘tem
627 2685 694 2722 eum
707 2668 793 2738 plena
805 2675 835 2722 ct
854 2667 960 2720 humili
980 2666 1162 2736 gratitudine
1183 2667 1435 2738 complectemur!
1473 2669 1546 2740 Quia

492 2755 511 2779 “
530 2769 601 2806 vero
625 2769 686 2814 ros,
711 2751 814 2805 Patres
841 2749 1018 2820 Conseripti,
1045 2750 1117 2806 estis
1144 2750 1176 2804 in
1201 2757 1314 2821 partem
1339 2752 1545 2810 sollicitudinis

493 2839 511 2862 ‘⁴
531 2841 562 2891 ct
579 2835 694 2891 consilii
713 2834 786 2889 dicti
812 2834 931 2889 Domini
953 2833 1067 2888 Summi
1086 2834 1239 2890 Pontificis
1258 2837 1413 2908 condignis
1431 2839 1545 2895 meritis

493 2923 511 2946 ‘⁶
531 2921 653 2982 evocati,
675 2919 789 2989 sibique
807 2918 970 2974 lateraliter
998 2917 1034 2972 ad
1060 2917 1185 2972 dandam
1212 2919 1292 2990 plebi
1311 2919 1423 2977 Christi
1442 2923 1544 2979 salutis

493 3008 511 3030 ‘⁸
532 3005 684 3059 scientiam
703 3003 849 3066 assidetis,
868 3004 928 3057 ista
953 3010 1060 3057 vestrae
1085 3007 1185 3074 patere
1204 3004 1339 3074 cupimus
1358 3007 1482 3073 notitias,
1501 3013 1542 3071 ut,

493 3091 511 3114 “
531 3089 650 3161 cognito
668 3106 763 3144 causae
782 3093 890 3142 nostrai
913 3085 1041 3157 justitia,
1070 3086 1190 3143 veritati
1217 3088 1337 3159 possitis
1365 3089 1543 3163 impendere,

493 3178 511 3200 ‘⁶
532 3175 610 3246 quod
623 3174 746 3229 debetis.
784 3173 833 3227 Ad
846 3172 924 3243 qnod
937 3171 1230 3242 circumspectionem
1241 3184 1370 3229 restrum
1382 3177 1543 3247 providam,

493 3262 511 3283 “
532 3278 596 3329 qum
617 3258 692 3313 solet
710 3258 773 3312 sine
792 3272 983 3327 personarum
1001 3256 1168 3325 acceptione
1183 3256 1253 3327 jura
1265 3258 1450 3329 singulorum
1463 3278 1545 3333 :equo

493 3345 512 3367 “
532 3343 686 3396 libramine
714 3340 885 3411 ponderare,
920 3338 1029 3393 votivis
1058 3338 1197 3408 precibus
1225 3342 1397 3398 excitamus.
1455 3344 1496 3399 Et
1521 3344 1545 3399 si

493 3430 512 3451 “
534 3428 630 3480 forsan
650 3426 679 3479 iu
700 3426 776 3480 lacto
803 3432 903 3478 nostro
930 3423 1089 3492 quicquam
1115 3431 1263 3494 appareat.
1283 3427 1428 3481 cautelam
1447 3446 1545 3500 expos-

494 3513 512 3536 “
533 3528 601 3563 ecus
621 3510 735 3564 consilii
755 3508 888 3563 sarriuris.
910 3524 926 3559 u
945 3507 1028 3560 robis
1048 3525 1136 3577 super
1159 3508 1214 3561 hoe
1234 3510 1367 3580 cupimus
1389 3512 1544 3567 salubriter

494 3598 513 3619 “
534 3594 693 3647 iut'urruari.
714 3592 807 3662 paruti
838 3588 1008 3658 iungendis
1034 3589 1142 3645 uostris
1162 3592 1288 3661 siugulis
1306 3595 1409 3649 cedere
1428 3598 1541 3652 rationi.

496 3680 514 3702 “
534 3676 643 3730 Datum
674 3676 750 3746 apud
780 3675 983 3743 ²llutewerpc,
1016 3673 1129 3728 decimo
1161 3684 1242 3730 sexto
1261 3676 1308 3730 die
1345 3678 1430 3745 Julii,
1471 3700 1544 3735 auno

496 3763 514 3787 ‘⁶
535 3760 651 3815 Domini
671 3760 828 3813 millesimo
847 3759 1051 3813 trecentesimo
1069 3760 1219 3814 tricesimo
1237 3762 1340 3816 nouo.”

327 3860 412 3911 1441„
422 3862 452 3911 of
529 3844 829 3915 ³Rescripsitaute1n
849 3843 875 3897 ei
896 3841 1075 3897 Benedictus
1094 3843 1174 3914 Papa
1193 3844 1392 3903 Duodecimus
1410 3848 1441 3903 in
1470 3850 1544 3904 hunc

325 3926 393 3992 Pope
402 3930 482 3979 Beue·
494 3928 613 3984 modum
625 3952 669 3983 :—

327 3995 386 4049 ¹ch
399 3997 424 4044 5¹¹
527 4015 565 4045 ⁴“
580 4012 754 4067 Benedictus
774 4011 946 4083 Episcopus,
967 4028 1069 4065 servus
1089 4029 1240 4068 serrorum
1259 4014 1324 4075 Dei,
1342 4016 1496 4072 carissimo
1513 4018 1541 4072 iu
1552 4017 1605 4068 Ner

326 4076 430 4114 ausser.
494 4102 513 4127 ,1
534 4099 652 4155 Christo
676 4097 735 4151 filio
762 4095 932 4159 ³Eduard0,
962 4094 1038 4166 Regi
1059 4094 1185 4165 Arrgliae.
1206 4098 1330 4153 salut-em
1348 4106 1378 4155 et
1396 4072 1646 4217 Apostoli.lljltffig‘p¹

893 4249 1065 4255 ...--.-..
1085 4250 1127 4256 -.
1153 4250 1160 4257 .
1176 4251 1536 4265 —.-————..

528 4352 533 4379 ¹
548 4350 603 4398 The
615 4347 720 4411 reading
739 4346 797 4394 bere
814 4344 839 4392 iu
853 4344 925 4392 Harl.
939 4349 995 4397 555,
1076 4346 1084 4373 ⁴
1097 4344 1162 4393 This
1173 4347 1245 4396 letter
1255 4347 1278 4395 is
1293 4348 1346 4398 also
1357 4349 1477 4407 inserted,
1488 4352 1540 4401 ina

494 4428 695 4493 llemiugburgh,
704 4428 752 4477 and
766 4426 807 4475 tbe
819 4425 917 4489 printed
929 4432 995 4473 texts
1040 4424 1103 4473 later
1114 4426 1190 4483 band,
1202 4434 1228 4474 at
1239 4426 1281 4477 the
1299 4430 1348 4477 end
1356 4430 1387 4478 of
1400 4430 1443 4479 the
1454 4431 1541 4480 Arun-

494 4507 877 4572 osWalsiughumis‘·‹pucrum
888 4520 994 4569 prores-
1040 4504 1079 4553 del
1092 4504 1147 4554 its.
1181 4505 1221 4553 As
1241 4506 1268 4554 iu
1288 4506 1330 4556 the
1350 4508 1487 4575 preceding
1504 4510 1541 4558 in·

494 4593 509 4614 “
521 4587 579 4635 sit.”
597 4587 653 4635 The
664 4585 770 4649 reading
783 4586 846 4634 from
861 4585 994 4648 llresbury
1039 4592 1134 4643 stanee,
1155 4584 1199 4633 the
1217 4591 1273 4634 text
1291 4587 1322 4634 of
1343 4586 1541 4654 Ilemingbarglr

495 4665 612 4714 hasbeen
625 4668 731 4728 adopted
745 4665 771 4713 iu
783 4665 933 4728 preference.
1038 4664 1089 4713 and
1100 4664 1156 4713 MS.
1166 4664 1238 4714 Ilarl.
1251 4671 1307 4719 555.
1321 4667 1360 4715 sor
1370 4667 1470 4717 similar
1485 4684 1540 4718 rea·

526 4742 693 4808 2Αιυὴτωενμ,
707 4744 779 4793 llarl.
794 4750 850 4795 555.
1040 4758 1107 4802 sous,
1120 4743 1166 4792 has
1177 4742 1204 4792 in
1222 4745 1323 4808 general
1342 4746 1404 4795 been
1426 4748 1540 4810 adopted.

526 4824 536 4852 ³
548 4821 685 4885 Rescripsit
703 4826 725 4871 ci
749 4824 861 4873 Srrrnmua
881 4824 995 4888 Pontifex
1072 4824 1082 4851 ³
1093 4822 1169 4872 From
1181 4823 1232 4872 this
1244 4825 1314 4873 word
1325 4825 1400 4873 down
1412 4832 1439 4875 to
1451 4832 1466 4853 “
1474 4826 1531 4876 beart

494 4903 518 4950 iu
539 4900 601 4949 leuuc
613 4901 710 4955 manliam.
723 4902 748 4950 iu
762 4903 910 4966 theprinted
928 4914 995 4953 texts
1016 4918 1019 4937 ³
1040 4900 1215 4955 '‘dictitarem''
1228 4902 1249 4951 is
1261 4902 1366 4953 omitted
1383 4903 1410 4953 in
1428 4904 1471 4955 the
1487 4912 1541 4956 text

493 4983 543 5033 aud
555 4980 580 5030 iu
594 4978 665 5029 llarl.
679 4986 733 5029 555.
1016 4948 1019 5021 l
1039 4982 1069 5030 os
1077 4981 1281 5048 llemingburgh.
