3750 6250
663 1126 826 1175 srsrosm
849 1124 1056 1179 irremorsi
1157 1135 1164 1155 ·
1322 1117 1384 1179 421

196 1317 217 1370 3.
230 1318 299 1373 Bibl
333 1316 415 1372 illius
432 1316 562 1387 regionis
580 1316 683 1371 incolae
701 1316 840 1371 maluisse
858 1317 1016 1373 adventum
1035 1315 1208 1389 ¹[hostium]
1228 1319 1260 1373 in
1277 1325 1386 1375 terram
1397 1334 1551 1393 A.D.1379.

197 1401 224 1463 il·
239 1393 270 1438 ¹³
331 1400 441 1466 ‘illam
460 1407 569 1473 prester
586 1401 738 1455 domorum
756 1400 898 1466 incendia,
918 1419 1007 1473 quam
1025 1402 1119 1473 ipsius
1138 1402 1256 1457 Domini
1275 1403 1384 1460 Johan·

199 1467 240 1503 tx.

330 1486 386 1550 nie,
406 1504 473 1541 cum
492 1485 612 1557 sequela
629 1503 690 1539 sua.

365 1570 464 1625 Pauca
481 1575 550 1625 sunt
561 1570 627 1634 ista,
646 1570 736 1623 immo
755 1587 846 1641 parva
865 1575 934 1624 sunt
952 1570 1018 1634 ista,
1039 1577 1175 1642 respectu
1194 1588 1296 1626 eornm
1315 1590 1381 1643 quas
1394 1584 1505 1657 Outrage

329 1660 500 1725 sequuntur.
538 1654 595 1708 Die
612 1672 738 1726 namque
759 1654 811 1707 illo
832 1672 890 1723 quo
910 1672 991 1708 mare
1020 1654 1184 1725 ingressuri
1208 1661 1292 1711 erant
1320 1657 1376 1722 sui,
1392 1658 1537 1712 committed

327 1739 439 1809 etipse
460 1738 598 1802 cumeis,
619 1738 764 1809 quandam
781 1755 886 1792 novam
906 1744 1039 1810 nuptam,
1068 1744 1098 1792 et
1125 1739 1176 1792 illo
1202 1739 1303 1793 eodem
1328 1739 1377 1795 die
1390 1719 1424 1785 bl
1436 1722 1546 1780 ¹¹¹⁰¹¹¹⁰¹¹

326 1840 380 1894 per
398 1841 502 1877 manus
520 1828 550 1877 et
567 1824 712 1877 orationes
731 1821 889 1877 sacerdotis
906 1822 973 1876 viro
991 1822 1027 1876 de
1038 1823 1190 1894 provincia
1201 1824 1374 1894 copulatam,
1387 1792 1501 1908 ἑξξέὲέ

327 1908 363 1962 de
387 1908 511 1963 ecclesia
527 1914 594 1979 post
619 1907 742 1962 Missam
768 1912 798 1961 et
822 1907 970 1978 sponsalia
995 1907 1141 1961 celebrata
1169 1915 1374 1975 revertentem,
1389 1936 1495 1976 woman,

326 1992 470 2047 violenter
487 1992 606 2063 rapiunt
623 1990 659 2045 de
678 1990 775 2046 medio
802 1998 831 2047 et
855 1991 990 2045 manibus
1011 2009 1076 2046 eam
1096 1990 1275 2058 ducentium,
1290 2003 1321 2049 et
1337 1994 1375 2049 ad

327 2094 415 2131 naves
441 2093 535 2146 usque
559 2075 715 2138 deducunt,
751 2076 899 2145 operaturi
924 2075 955 2128 in
980 2091 1015 2128 ea
1038 2092 1111 2146 opus
1135 2076 1282 2130 nefarium
1309 2084 1376 2148 post

326 2160 494 2229 ingressum
523 2177 624 2214 eornm
650 2159 681 2213 in
706 2159 799 2224 mari3
831 2176 889 2213 non
915 2158 1133 2214 considerantes
1159 2177 1213 2214 nec
1237 2167 1374 2231 potantes

326 2249 408 2298 tanta
439 2244 550 2299 scelera
587 2242 723 2297 celeriter
750 2241 907 2315 punienda.
952 2242 1015 2296 'Ex
1043 2241 1180 2297 abbathia
1206 2245 1306 2309 etiam,
1340 2252 1374 2301 ut
1387 2244 1542 2323 Theycmy

324 2329 427 2393 fertur,
446 2328 587 2399 praedjets
605 2327 738 2382 foeminas
757 2328 937 2398 conjugatas,
962 2326 1077 2392 viduas,
1107 2333 1137 2382 et
1158 2328 1300 2399 virgines,
1321 2329 1371 2384 ab·
1385 2314 1509 2385 ⁰ff¹¹¹¹¹¹¹y

322 2410 476 2475 duxerunt,
498 2418 528 2467 et
548 2412 579 2466 in
600 2412 662 2466 suis
680 2412 821 2466 ⁴navibus
841 2411 1029 2466 collocarunt.
1066 2410 1130 2467 Nec
1147 2412 1213 2467 istis
1236 2414 1368 2480 saturati,
1383 2396 1502 2503 ffieffie

321 2495 441 2566 quidam
460 2514 496 2550 ex
515 2497 588 2568 ipsis
609 2495 647 2549 ad
666 2495 822 2566 sacrilegia
838 2513 942 2550 manus
967 2495 1134 2550 extendunt.
1170 2495 1285 2568 Nempe
1304 2504 1371 2569 post
1383 2513 1506 2585 convent,

320 2580 449 2635 auditam
484 2580 617 2645 Missam,
642 2586 677 2635 ut
707 2580 843 2651 apparuit
862 2579 1009 2645 indevote,
1034 2579 1208 2650 ⁵antequam
1233 2581 1367 2638 sacerdos

319 2665 448 2719 casulam
467 2664 610 2735 deponere
637 2664 790 2735 potuisset,
823 2663 1003 2728 aecedentes,
1031 2670 1062 2718 et
1085 2664 1206 2719 calicem
1225 2664 1262 2719 de
1283 2666 1369 2721 altari
1381 2685 1444 2739 And
1455 2707 1522 2744 eom,

318 2750 474 2820 rapientes,
489 2767 555 2804 cum
575 2766 689 2802 summa
706 2748 899 2811 festinatione,
919 2746 1078 2801 laetabundi
1097 2749 1180 2819 quasi
1200 2748 1235 2803 de
1259 2751 1367 2820 praeda,
1381 2756 1428 2806 mit
1438 2762 1516 2810 meri.

319 2840 442 2889 currunt
452 2833 487 2888 ad
504 2850 603 2897 naves,
618 2831 767 2887 sacerdote
782 2848 831 2886 eos
848 2831 879 2884 in
892 2831 983 2885 sacris
996 2831 1138 2896 vestibus,
1153 2832 1275 2897 scilicet,
1292 2834 1367 2900 alba,
1382 2824 1437 2888 ¹⁰80
1448 2827 1475 2875 1¹1
1487 2830 1530 2882 the

318 2918 402 2983 stela,
423 2924 454 2973 et
476 2918 588 2981 fanone,
609 2922 812 2988 persequente,
832 2921 863 2969 et
886 2914 941 2968 sub
965 2915 1200 2970 interminatione
1220 2921 1369 2974 ‘censurat
1381 2891 1484 2946 chmel*

318 2995 438 3056 calicem
464 3007 622 3073 repetente.
679 2999 812 3070 Cumque
838 2999 895 3053 nisi
923 3016 1028 3053 sannas
1049 3005 1079 3053 et
1099 2999 1245 3054 terribiles
1264 3003 1368 3067 minas,

318 3086 376 3140 nisi
399 3085 605 3149 retrocederet‚
628 3084 799 3155 accepisset,
825 3101 882 3137 nen
907 3084 950 3138 sic
976 3082 1094 3154 quidem
1115 3082 1202 3138 silere
1221 3083 1352 3141 decrevit
1359 3108 1368 3152 ;

317 3171 378 3234 sed,
399 3171 500 3226 accitis
520 3170 679 3226 convicinis
701 3168 909 3231 sacerdotibus,
926 3167 963 3222 ad
989 3169 1073 3222 littus
1100 3187 1192 3239 usque
1214 3171 1367 3240 processit,

316 3272 384 3308 cum
412 3254 540 3309 candelis
561 3253 700 3316 accensis,
726 3252 934 3324 'campanulis
956 3251 1050 3315 libris,
1073 3258 1103 3306 et
1128 3253 1185 3306 hiis
1211 3272 1275 3323 qum
1303 3272 1366 3308 sen·

316 3338 417 3393 tentiis
447 3337 614 3408 hujusmodi
642 3337 864 3407 promulgandis
895 3336 1103 3406 requiruntur;
1135 3337 1234 3407 ibique
1269 3339 1363 3408 petiit,

316 3423 372 3476 sub
401 3440 488 3494 poena
511 3421 860 3491 ⁸[excommunieationis,
887 3420 984 3476 ablata
1010 3421 1143 3485 restitui;
1176 3439 1243 3475 eum
1266 3428 1364 3476 autem
1376 3433 1499 3504 'rhem

316 3524 369 3560 nec
395 3507 437 3561 sic
465 3515 602 3561 curarent
629 3505 806 3568 satisfacere,
826 3505 857 3558 in
881 3503 945 3571 eos]
973 3504 1278 3559 excommunicationis
1299 3523 1362 3560 sen·
1375 3515 1536 3566 pronouneed

316 3591 438 3644 tentiam
469 3588 640 3645 terribiliter
669 3594 699 3642 et
725 3588 843 3660 publice
876 3588 1054 3651 fulminavit,
1077 3593 1107 3642 et
1124 3587 1207 3657 jactu
1235 3589 1265 3643 in
1288 3591 1363 3645 mari
1376 3584 1521 3692 eimgdmu·

314 3691 433 3727 cereum
457 3672 661 3743 extinguendo.
1374 3645 1521 3771 ffigapfiesbt!

351 3756 493 3812 Dominus
521 3757 611 3827 Hogo
643 3754 800 3810 Kalverlee
829 3760 859 3810 et
884 3753 1028 3808 Dominus
1056 3754 1180 3810 Thomas
1202 3756 1305 3828 Percy‚
1332 3765 1429 3841 οῢιῃ1οΞ
1440 3808 1499 3842 wn-

313 3840 445 3895 nonunlli
458 3840 509 3894 alii
523 3858 596 3910 quos
617 3840 680 3893 haec
700 3839 853 3909 praemissa
871 3838 1009 3902 latebant,
1031 3845 1185 3909 antequam
1206 3858 1295 3895 naves
1315 3860 1360 3897 as·
1373 3857 1432 3906 duct
1443 3864 1474 3908 ot'
1481 3862 1524 3913 Sir

314 3925 430 3978 censuri
450 3930 542 3988 erant,
566 3924 699 3978 fecerunt
719 3923 893 3994 proclamari
915 3939 967 3993 per
986 3924 1112 3993 patriam
1135 3941 1207 3978 voce
1230 3925 1357 3995 publica,
1373 3923 1451 3987 Hugh

312 4015 347 4062 ut
363 4009 497 4062 venirent
515 4014 582 4062 ante
604 4008 682 4061 diem
700 4006 898 4076 navigationis
921 4006 971 4076 qui
996 4006 1143 4061 molestati
1168 4008 1284 4063 fuerant
1306 4027 1359 4078 per
1372 3989 1503 4109 Clglgfley

313 4110 381 4146 suos
399 4092 460 4147 ullo
481 4093 575 4154 modo,
595 4091 644 4146 vel
663 4108 716 4163 per
742 4090 838 4144 illatas
864 4090 997 4161 injurias,
1026 4090 1073 4144 vel
1097 4109 1150 4162 per
1177 4092 1248 4146 alias
1274 4111 1358 4162 quas·
1371 4071 1483 4176 Ἄθως,

311 4193 425 4246 cunque
445 4176 508 4230 vias
527 4175 574 4231 vel
596 4194 707 4239 causas,
730 4174 859 4228 habituri
878 4173 1052 4245 condignam
1071 4176 1296 4230 satisfactionem
1322 4176 1358 4230 de
1370 4190 1451 4257 Percy
1463 4194 1490 4243 in

312 4260 534 4332 quibuscunque
561 4259 843 4331 transgressionibus
882 4260 1022 4329 conqueri
1057 4259 1235 4314 volnissent:
1281 4260 1357 4316 unde
1370 4257 1515 4379 {evemplo

1385 4341 1417 4373 on

344 4585 350 4612 ¹
364 4580 485 4646 Supplied
509 4581 573 4630 from
596 4580 662 4629 Bibl.
687 4580 751 4644 Reg.
780 4585 810 4629 13
893 4582 972 4628 ’ante
983 4579 1010 4627 in
1023 4577 1066 4627 the
1077 4578 1177 4642 printed
1188 4587 1261 4630 texts.

310 4661 340 4712 E.
351 4661 400 4711 ix.:
421 4660 526 4710 omitted
536 4660 563 4708 in
575 4660 617 4709 the
629 4659 728 4724 printed
737 4667 810 4711 texts.
890 4662 995 4708 ‘samus
1015 4658 1043 4706 in
1061 4657 1121 4721 orig.
1135 4680 1141 4715 t
1159 4676 1245 4708 censor
1263 4660 1290 4709 in
1314 4663 1356 4711 the

342 4744 353 4772 ²
364 4740 436 4789 ullum
448 4741 474 4788 in
485 4740 565 4805 orig.;
582 4743 719 4804 quorumvis
730 4739 755 4789 in
767 4741 810 4790 the
857 4739 956 4805 printed
967 4747 1034 4790 texte
1046 4762 1052 4791 :
1070 4742 1196 4790 corrected
1212 4741 1276 4790 from
1288 4742 1355 4794 Bibl.

310 4821 410 4886 printed
426 4830 509 4871 texts:
529 4822 656 4870 corrected
666 4820 730 4871 from
742 4821 807 4871 Bibl.
856 4821 919 4883 Reg.
938 4825 968 4868 13
981 4821 1010 4870 Ε.
1023 4821 1059 4870 ix.

308 4901 371 4965 Reg.
393 4906 422 4949 1³
434 4900 463 4948 lt.
476 4899 513 4950 ix.
890 4898 1055 4963 ⁷eampanila
1064 4899 1090 4948 in
1100 4899 1142 4949 the
1152 4899 1252 4963 printed
1260 4908 1333 4953 texts.

342 4982 353 5009 ¹
365 4979 402 5027 Et
413 4980 439 5027 in
452 4980 494 5029 the
505 4979 603 5044 printed
614 4988 687 5030 texts.
889 4983 899 5005 ⁸
911 4979 1031 5043 Supplied
1044 4981 1109 5028 from
1126 4980 1192 5030 Bibl.
1205 4981 1266 5044 Reg.
1283 4988 1311 5031 13
1325 4984 1353 5034 Ε.

344 5058 510 5108 ‘trunidusin
523 5059 566 5110 the
576 5060 677 5124 printed
686 5069 758 5111 texts
858 5060 914 5112 im:
933 5059 1037 5110 omitted
1048 5060 1075 5110 in
1087 5060 1130 5110 the
1139 5060 1239 5126 printed
1250 5069 1324 5113 texts
