3750 6250
685 1119 848 1169 ursroars
870 1120 1078 1173 mumolus.
1359 1112 1401 1176 65

234 1283 453 1416 mmm-larda
490 1302 691 1373 praemunitus,
723 1306 785 1361 suis
821 1306 955 1362 omnibus
990 1324 1065 1378 pens
1101 1307 1212 1365 relictis
1242 1308 1280 1364 ad
1310 1309 1567 1382 spoliaA.D.1297.

235 1431 298 1501 ‘3¹⁸
350 1385 489 1450 hostium,
510 1404 610 1442 eorum
627 1388 677 1443 vix
694 1391 788 1445 evasit
805 1388 935 1446 insidias.
973 1391 1140 1447 Willelmus
1159 1393 1251 1464 igitur
1269 1393 1398 1466 Waleys‚

234 1502 272 1546 ,ι
350 1488 417 1525 cum
458 1472 521 1527 suis
563 1472 659 1543 palam
700 1472 901 1531 debacchando
938 1476 970 1530 in
1005 1475 1157 1546 Anglieos,
1197 1495 1398 1549 quoscumque

348 1555 479 1609 invenire
491 1556 595 1627 potuit,
615 1556 781 1612 trucidavit.
820 1557 865 1612 De
889 1557 996 1629 quibus
1014 1560 1094 1614 viros
1112 1560 1277 1631 religiosos,
1297 1560 1397 1632 ligatis

345 1637 383 1694 ad
406 1637 526 1695 dorsum
550 1640 693 1704 manibus,
718 1642 817 1711 coegit
840 1641 946 1697 saltare
971 1643 1003 1697 in
1032 1643 1170 1708 fluvium;
1204 1661 1305 1700 eorum
1329 1645 1397 1700 sub·

344 1724 519 1778 mersionem
532 1725 562 1779 in
577 1724 738 1780 ludibrium
750 1725 952 1781 convertendo.
991 1726 1061 1789 Rex,
1076 1728 1267 1783 commotione
1285 1729 1393 1795 audita,
1409 1744 1569 1815 Themffiop

344 1825 396 1879 pro
419 1810 543 1864 veritate
567 1808 740 1879 inquirenda
766 1810 848 1865 misit
865 1810 1043 1882 Episcopum
1063 1810 1306 1878 Dunolmensem;
1333 1815 1393 1884 qui,
1407 1813 1559 1867 otDurbam

343 1893 466 1948 veritate
485 1898 641 1964 comperta,
660 1893 776 1950 rediens
795 1893 908 1964 Regem
926 1894 962 1948 de
981 1893 1115 1949 omuibus
1133 1895 1310 1951 informavit.
1406 1888 1504 1960 ΝΜ*
1515 1889 1542 1932 ΐθ

376 1979 476 2036 Medio
508 1987 647 2053 tempore,
679 1982 742 2037 Rex
772 1981 892 2037 audiens
922 1982 1106 2037 affiictionem
1142 1980 1391 2051 'Elandrensium
1406 1947 1539 2015 thexmg'

342 2065 435 2123 doluit
452 2066 649 2132 vehementer,
666 2066 774 2123 habens
793 2069 917 2122 maxime
944 2069 1024 2123 cordi
1043 2068 1100 2123 iter
1116 2069 1147 2123 in
1159 2067 1335 2137 Flandriam,
1355 2072 1393 2128 ad

338 2150 501 2220 juvandum
519 2152 645 2207 amicum
663 2169 749 2206 suum
766 2151 919 2209 Comitem.

374 2236 514 2293 Militiam
532 2242 622 2292 totam
640 2237 719 2292 ultra
741 2237 873 2300 fluvium,
901 2239 952 2308 qui
976 2240 994 2263 “
1009 2237 1142 2293 Trenta”
1161 2237 1278 2303 dicitur,
1298 2240 1390 2311 asaig·
1404 2237 1512 2290 deard

340 2321 420 2376 nevit
438 2320 547 2375 Gomiti
565 2320 601 2375 de
618 2321 794 2387 Warrenna3
820 2322 992 2392 praecipiens
1011 2328 1045 2376 ut
1071 2321 1223 2376 Scotorum
1241 2322 1391 2379 audaciam
1403 2304 1474 2356 “Q‘'
1489 2323 1557 2359 Μ·

340 2404 464 2460 celerius
482 2405 665 2475 reprimeret,
685 2410 715 2460 et
732 2415 864 2460 auctores
882 2404 953 2460 mali
973 2404 1071 2460 debita
1079 2405 1197 2475 justitia
1220 2408 1388 2477 castigaret.
1402 2383 1548 2503 ffiffibe

340 2488 465 2561 Scripsit
498 2490 587 2544 etiam
614 2489 739 2544 Johanni
776 2489 888 2561 Oomyn
915 2490 951 2545 de
978 2489 1117 2546 Badenan
1149 2497 1180 2546 et
1212 2490 1319 2547 Comiti
1352 2491 1389 2547 de
1403 2507 1482 2560 seon,

339 2572 453 2636 Bowau,
483 2580 517 2629 ut
537 2591 679 2629 memores
705 2573 854 2630 fidelitatis
882 2592 942 2629 suae
963 2581 1179 2629 reverterentur
1200 2576 1231 2630 in
1250 2575 1386 2642 Scotiam,

338 2664 367 2713 et
383 2658 486 2730 populi
513 2659 559 2713 sui
581 2659 754 2714 suscitatum
768 2659 831 2729 jam
849 2659 1009 2714 tumultum
1030 2659 1173 2714 sedarent.
1220 2659 1286 2729 Qui,
1303 2661 1388 2732 juxta

337 2742 513 2815 mandatum
522 2748 682 2813 acceptum,
703 2744 733 2797 in
752 2742 879 2798 Scotiam
898 2749 1086 2807 revertentes,
1114 2762 1179 2814 quae
1205 2744 1284 2815 pacis
1306 2753 1389 2802 erant

338 2828 468 2897 segniter
486 2831 678 2897 exequuntur.

371 2909 476 2967 (lomes
502 2910 538 2966 de
565 2910 718 2974 Warenna,
738 2911 770 2965 in
794 2911 945 2981 provincia
968 2911 1092 2966 Eboraci
1116 2911 1279 2967 coadunans
1306 2930 1385 2967 exer-

336 2995 436 3057 eitum,
455 3001 590 3066 nepotem
615 3013 710 3058 suum,
737 2995 899 3049 Hernicum
924 2994 960 3048 de
979 2995 1082 3064 Percy,
1103 3013 1169 3050 cum
1187 2995 1294 3050 militia
1311 3013 1387 3050 oom-

336 3080 487 3136 munitatis
505 3079 646 3143 Karleoli,
664 3079 807 3151 praemisit
824 3080 855 3134 in
869 3080 1005 3135 Scotiam.
1044 3077 1100 3147 Qui
1113 3097 1206 3151 usque
1224 3079 1261 3135 ad
1285 3079 1386 3134 villam

336 3165 370 3220 de
387 3166 449 3221 Are
467 3166 624 3237 profectus,
643 3165 851 3221 Galwidienses
870 3165 907 3220 ad
924 3182 1026 3236 pacem
1045 3165 1135 3235 Regis
1154 3165 1308 3221 admittere
1327 3165 1385 3221 dis-

336 3253 466 3324 pouebat.
508 3252 618 3307 Audito
643 3258 741 3307 antem
764 3251 840 3322 quod
869 3251 1022 3306 Scotorum
1049 3252 1193 3305 exercitus
1218 3256 1281 3306 erat
1300 3252 1386 3321 juxta

336 3336 450 3400 Irrvine,
481 3336 558 3406 quod
583 3337 649 3391 inde
677 3335 714 3390 ad
741 3343 865 3406 quatuor
892 3335 1031 3389 milliaria
1056 3334 1191 3398 distabat,
1220 3334 1291 3391 illuc
1318 3352 1384 3406 pro·

335 3422 437 3484 lectus,
466 3420 542 3476 vidit
567 3421 646 3476 ultra
666 3420 810 3491 quendam
835 3420 932 3474 lacum
958 3419 1110 3474 Scotorum
1135 3419 1294 3474 exercitum
1318 3437 1383 3474 con·

335 3504 495 3570 sidentem
510 3505 539 3559 in
553 3523 609 3574 quo
622 3505 765 3575 capitanei
777 3510 860 3558 erant
868 3504 1031 3574 Episcopus
1041 3501 1237 3567 Glascnensis,
1251 3502 1384 3559 Andreas

334 3587 369 3643 de
393 3588 522 3644 Morima
546 3588 729 3644 Senescallus
758 3587 871 3650 Scotiae,
899 3594 929 3641 et
947 3586 1112 3641 Willelmus
1130 3586 1258 3659 Waleys.
1296 3587 1384 3644 Miles

335 3679 431 3728 autem
451 3672 569 3741 quidam
588 3679 732 3733 strenuus,
759 3672 876 3725 nomine
904 3675 922 3697 ‘⁶
937 3670 1081 3725 Ricardus
1099 3670 1135 3725 de
1161 3670 1307 3735 ²Lividi,”
1333 3672 1383 3743 qui

334 3754 408 3827 Regi
421 3757 538 3825 Anglioe
556 3774 703 3826 nunqnam
722 3755 890 3825 homagium
903 3755 1021 3816 lecerat,
1040 3754 1151 3809 relictis
1166 3754 1269 3818 Sectis,
1290 3756 1383 3811 factus

334 3840 486 3909 uansluga
503 3857 534 3893 se
553 3841 652 3894 statim
670 3838 803 3909 Anglicis
823 3839 953 3893 sociavit.
981 3838 1109 3907 Reliqui,
1129 3856 1229 3909 pacem
1242 3845 1381 3910 petentes,
1397 3851 1452 3902 The
1464 3854 1537 3908 stoa

334 3922 507 3979 dediderunt
519 3941 559 3986 se,
580 3923 669 3977 salvis
688 3923 730 3976 eis
749 3923 811 3977 vita
828 3927 858 3976 et
875 3922 1024 3984 membris,
1039 3922 1152 3976 catallis
1171 3928 1201 3977 et
1218 3924 1322 3989 terrie;
1342 3925 1384 3979 ita
1396 3922 1523 3984 negotiata

334 4014 366 4062 ut
388 4008 488 4063 omnia
512 4025 604 4078 usquo
631 4008 661 4062 in
685 4007 758 4061 hanc
786 4006 863 4060 diem
887 4013 985 4060 essent
1011 4005 1184 4077 simpliciter
1213 4005 1380 4062 condonata.
1394 3985 1504 4100 {ffliub'

334 4089 424 4160 Qnam
442 4109 554 4163 pacem,
580 4091 731 4163 promissis
759 4090 907 4145 obsidibus
929 4097 959 4144 et
977 4090 1086 4161 scripto
1104 4091 1243 4154 conlecto,
1263 4090 1383 4147 admisit
1422 4067 1506 4106 Μ’·

333 4174 496 4241 Henricus;
525 4176 550 4229 si
577 4181 674 4230 tamen
693 4174 747 4230 hoc
774 4174 849 4244 Regi
875 4174 1013 4245 placeret.
1052 4173 1107 4242 Qui
1134 4191 1221 4245 super
1241 4175 1295 4228 hoc
1314 4193 1379 4229 con·

334 4259 436 4323 saltus,
451 4278 488 4314 ne
506 4268 624 4331 accepto
642 4258 833 4330 impediretur
854 4259 968 4320 itinere,
989 4259 1091 4313 annuit
1107 4258 1279 4330 ⁴postulata.
1320 4258 1380 4313 Ad·

333 4345 464 4399 veniente
477 4343 590 4398 Comite
602 4343 779 4404 Warrennae,
798 4359 865 4396 cum
883 4340 972 4404 Scoti,
986 4341 1215 4412 tergiversando,
1230 4340 1265 4394 de
1284 4341 1331 4395 die
1349 4342 1381 4396 in

333 4425 409 4481 diem
435 4427 626 4481 transferrent
651 4425 765 4480 obsides
792 4424 923 4487 reddere,
953 4431 983 4480 et
1006 4425 1171 4480 Willelmus
1190 4423 1309 4495 Waleys
1336 4424 1379 4478 in-

333 4511 416 4564 terim
435 4508 574 4581 populum
593 4509 742 4571 adunaret,
769 4508 943 4564 arbitrantes
964 4526 995 4562 se
1013 4508 1131 4578 Angliei
1150 4508 1288 4579 proditos,
1308 4507 1378 4562 dum

335 4592 432 4649 Scotos
457 4593 594 4649 invadere
619 4593 784 4664 disponunt,
813 4592 975 4664 Episcopus
995 4592 1190 4655 Glascuensis,
1218 4597 1249 4647 et
1265 4591 1379 4648 Willel·

333 4763 1014 4775 ——-——————---—-.—.—-—--

366 4870 494 4921 'Omitted
505 4869 533 4918 in
544 4870 586 4920 the
597 4869 697 4934 printed
707 4877 781 4922 texts.
878 4871 971 4922 Trivet.

364 4948 571 4999 ’Floadrenciars
582 4948 608 4999 in
620 4949 682 5015 orig.
911 4953 919 4980 ⁴
925 4948 1056 5016 poematis
1066 4951 1093 5002 in
1105 4952 1147 5003 the
1158 4955 1257 5018 printed
1269 4963 1342 5007 texts.

368 5027 472 5093 'hardy
494 5027 520 5078 in
548 5028 698 5095 Ruhanger,
726 5031 775 5079 aad
804 5029 831 5077 in

1223 5130 1244 5177 E
