3750 6250
449 1661 730 1753 THOMAE
800 1660 1357 1773 WALSINGHAM‚

535 1878 747 1958 uuoumu
781 1880 988 1957 noritur
1025 1882 1057 1958 s.
1092 1881 1272 1972 liniri,

599 2075 856 2167 HISTORIA
881 2076 1207 2168 ANGLICANA.

750 2348 753 2355 .
813 2346 818 2353 a
826 2346 830 2353 ι
838 2342 861 2353 w
870 2340 1039 2353 „mmmmm

424 2536 479 2601 Du
501 2536 668 2602 'Pmoun
691 2536 798 2600 Rnors
821 2534 1002 2613 Ennium,
1030 2548 1110 2597 rosr
1134 2532 1382 2609 Conoonsrun

200 2673 202 2744 y
839 2646 957 2713 Pmuss.

200 2751 201 2815 l
248 2775 349 2837 lisuitl.
414 2791 499 2848 Anno
528 2793 631 2863 gratiae
660 2792 817 2849 millesimo
846 2791 1045 2846 ducentesimo
1076 2792 1292 2863 septuagesimo
1327 2793 1592 2859 tertio,A.1).1‘.>72.

246 2843 324 2965 ἔξω
379 2877 430 2948 qui
449 2883 495 2932 ast
510 2895 601 2932 annus
619 2878 703 2948 regni
725 2877 817 2947 Regis
835 2876 967 2940 Henrioi,
988 2894 1006 2930 a
1025 2875 1202 2946 Conquaestu
1222 2876 1323 2941 Tertii,
1344 2877 1426 2947 quin·
1439 2893 1523 2944 nath
1535 2894 1566 2942 0f

263 2992 267 3004 ·
379 2963 568 3033 quagesimae
598 2963 739 3034 septimus
770 2971 800 3015 et
828 2960 960 3024 ultimus,
981 2977 1048 3013 oum
1077 2960 1156 3014 idem
1187 2960 1249 3015 Rex
1279 2961 1426 3017 Henrious
1440 2962 1529 3028 Henry
1546 2960 1593 3012 ΙΠΙ

246 3039 359 3117 118an
378 3046 552 3117 condignam
587 3046 727 3102 ultionem
774 3045 1044 3100 Northwicensibus
1082 3044 1211 3100 dedisset
1252 3045 1425 3116 sacrilegiis,

245 3123 323 3205 flesti
378 3131 541 3187 Londonias
564 3131 660 3186 redire
689 3130 827 3185 decrerit.
882 3129 921 3184 Et
951 3148 1022 3184 cum
1048 3130 1085 3183 ad
1114 3129 1291 3184 Abbathiam
1328 3129 1428 3186 Sancti

245 3190 298 3248 ¹²¹²
377 3215 534 3280 odmundi,
554 3215 646 3286 Regis
665 3221 695 3270 et
711 3214 862 3286 Martyris,
881 3214 1065 3279 declinasset,
1095 3215 1179 3284 gravi
1205 3213 1346 3284 languore
1364 3233 1426 3270 eor·

200 3325 201 3333 ¹
376 3301 493 3373 ripitur‚
521 3301 572 3371 qui
598 3317 664 3354 eum
690 3316 749 3354 non
776 3298 906 3354 deseruit
932 3316 1026 3368 usque
1053 3298 1090 3353 ad
1108 3299 1176 3352 vitra
1203 3298 1298 3352 finem.
1348 3298 1426 3354 Dum

200 3340 210 3588 l
377 3391 534 3456 aegretaret
551 3385 638 3449 enirn,
657 3390 800 3439 venerunt
823 3383 946 3439 adeum
973 3383 1101 3438 Comites
1120 3389 1150 3437 et
1175 3383 1303 3437 Barones
1329 3389 1424 3449 tarrae,

376 3487 443 3524 oum
464 3468 663 3535 Pontificibus,
683 3473 718 3524 ut
735 3468 799 3540 ejus
823 3468 960 3523 transitui
986 3468 1167 3522 interessent.
1207 3465 1363 3523 Confessus
1382 3476 1427 3524 est

200 3593 204 3615 ‚
376 3558 474 3609 autem
492 3552 643 3608 humiliter
660 3558 781 3625 peecata
799 3571 860 3617 sua,
881 3551 1006 3607 tundens
1027 3557 1129 3623 peetus
1149 3569 1243 3616 snum,
1265 3558 1294 3606 et
1318 3553 1426 3609 malam

376 3638 528 3692 remittens
564 3637 697 3693 omnibus
726 3637 915 3701 voluntatem,
948 3635 1176 3691 emendationem
1214 3655 1328 3708 qnoque
1357 3638 1426 3692 vitae

376 3722 557 3794 promittens.
595 3721 640 3776 Ex
657 3722 725 3776 hine
744 3721 904 3776 absolvitur
923 3739 941 3775 a
952 3721 1095 3776 Praelato:
1119 3721 1222 3775 deinde
1241 3721 1344 3777 devote
1363 3740 1425 3777 sus·

377 3807 456 3878 oepit
473 3822 577 3878 eorpus
604 3804 724 3870 Christi,
745 3810 783 3870 et,
804 3806 939 3859 unctione
961 3803 1126 3860 ¹delibutus
1152 3811 1289 3871 extrema,
1310 3824 1426 3861 erucem

377 3889 495 3944 Domini
522 3889 693 3963 suppliciter
711 3889 852 3952 adoravit,
877 3889 984 3960 jubens
1009 3889 1107 3944 debita
1125 3906 1178 3943 suu
1196 3889 1280 3955 solvi,
1301 3895 1330 3944 et
1355 3890 1426 3944 resi·

378 3974 469 4029 duum
495 3973 694 4045 indigentibus
719 3990 802 4044 aequa
828 3973 941 4044 partiri.
980 3971 1055 4027 Cum
1081 3973 1144 4028 haeo
1170 3973 1226 4027 rite
1252 3975 1423 4044 peregisset,

378 4058 506 4113 reddidit
523 4058 660 4131 spiritum
685 4076 770 4112 sunm
795 4056 867 4112 Deo.
906 4057 1019 4128 Corpus
1038 4063 1135 4112 autem
1154 4057 1217 4129 ejus
1236 4058 1313 4129 apud
1331 4058 1425 4114 West

378 4145 586 4198 monasterium
604 4142 769 4198 honorificus
788 4142 915 4197 traditur
934 4141 1102 4213 sepulturae.

412 4228 560 4298 Regnavit
578 4228 791 4298 quinquaginta
803 4244 853 4282 aex
867 4227 959 4290 annis,
974 4232 1004 4280 et
1022 4226 1156 4298 amplius,
1176 4232 1317 4298 quantum
1336 4227 1425 4283 distat

376 4313 486 4367 assato
513 4312 684 4368 Sanctorum
710 4311 837 4368 Simonis
856 4318 885 4367 et
906 4310 992 4366 Judoe
1015 4311 1164 4382 usquead
1189 4312 1296 4366 festum
1324 4310 1423 4367 Sancti

376 4396 522 4451 Edmundi
541 4397 700 4460 Pontificia,
720 4396 823 4461 idest,
843 4397 950 4467 viginti
968 4396 1079 4450 diebus.
1127 4396 1258 4451 Duxerat
1276 4401 1373 4451 autem
1391 4397 1422 4451 iu
1435 4404 1553 4455 children
1566 4407 1597 4458 of

376 4499 495 4536 uxorem
520 4481 673 4536 mulierem
695 4480 832 4544 nobilem,
852 4481 942 4534 filiam
969 4479 1090 4535 Comitis
1109 4481 1145 4534 de
1165 4481 1286 4553 Saveye‚
1307 4482 1421 4536 nomine
1435 4471 1580 4538 ΗθῦῐΥῙΠ·

375 4566 561 4631 Alienoram;
581 4565 617 4619 de
636 4583 694 4637 qua
711 4565 840 4637 suscepit
857 4564 942 4628 filios,
962 4564 1147 4628 Edwardum‚
1168 4565 1218 4635 qui
1242 4574 1309 4637 post
1326 4566 1423 4638 ipsum

375 4651 519 4721 regnavit,
539 4656 570 4704 et
587 4648 782 4714 Edmundum,
810 4649 861 4720 qui
889 4649 946 4702 suit
971 4648 1074 4703 Comes
1102 4649 1278 4719 Leyoestriae
1297 4655 1326 4705 et
1350 4650 1422 4704 Lan·

375 4735 499 4797 castriae,
520 4740 550 4788 et
567 4733 639 4788 duas
657 4733 742 4798 filius,
763 4733 882 4795 scilicet,
903 4732 1076 4796 Beatrioem,
1101 4752 1165 4805 quae
1190 4735 1290 4805 nupsit
1315 4734 1422 4789 comiti

375 4817 545 4882 Britanniae‚
565 4823 595 4872 et
617 4817 824 4888 Margaretam,
851 4835 916 4886 quae
943 4817 999 4871 luit
1024 4817 1099 4887 Regi
1127 4818 1232 4874 Scotiae
1256 4819 1419 4891 conjugata.

377 4976 433 4984 ῃ.-
439 4974 590 4983 ..-.---
600 4972 726 4980 -.-—-·—
901 4971 1132 4977 —---..—-....-..
1164 4972 1175 4976 -
1228 4973 1413 4979 ,,,4,,,

686 5056 693 5086 ¹
705 5052 823 5103 delibatus
834 5053 860 5102 in
873 5053 915 5104 the
926 5053 1025 5117 printed
1036 5062 1108 5106 texts
