3750 6250
685 1107 850 1159 meream
864 1105 1073 1159 memoras.
1359 1093 1404 1157 43

199 1308 336 1373 Q,
392 1294 512 1349 transit
529 1296 621 1349 annus
639 1294 696 1350 iste
713 1295 840 1350 multum
857 1296 993 1367 frugifer,
1012 1311 1066 1350 nee
1084 1291 1252 1359 famelicum
1272 1291 1407 1364 Anglicis
1419 1285 1489 1338 M)-
1502 1292 1574 1340 ¹²⁹³»

199 1374 322 1426 (ΗΜ.
357 1383 389 1434 et
417 1378 539 1433 Francis
568 1377 721 1434 discordie
756 1380 957 1447 inchoatirus3
995 1378 1134 1434 Romanis
1169 1384 1201 1433 et
1234 1376 1408 1449 Arragouiis

199 1443 249 1524 ¹3·
264 1447 296 1491 ¹³
358 1462 503 1534 lugubris,
534 1470 653 1535 propter
680 1470 805 1519 mortem
834 1463 931 1535 Papae,
965 1461 1138 1534 Regumque
1168 1461 1348 1518 Alamannia
1378 1465 1409 1517 et

199 1539 216 1558 ⁵
228 1522 265 1559 ¹⁸
358 1544 548 1617 Arragoniae3
569 1546 664 1602 Sectis
686 1564 741 1603 neo
758 1548 853 1603 tristis
877 1565 931 1603 neo
957 1547 1069 1613 hilaris,
1096 1545 1133 1601 de
1151 1545 1322 1617 ¹adeptiene
1339 1545 1408 1601 novi

357 1646 447 1702 regis.

199 1715 322 1768 assisa
392 1714 477 1769 Anno
501 1714 605 1786 metire
623 1714 779 1770 millesimo
796 1714 996 1771 ducentesimo
1013 1714 1201 1786 nonagesimo
1222 1719 1336 1786 quarto,
1356 1714 1408 1785 qui

200 1784 251 1866 ΥΕ·
266 1789 297 1834 ¹³
357 1805 404 1855 est
420 1817 511 1854 annus
529 1800 614 1869 regni
633 1799 725 1869 Regis
743 1799 888 1863 Edwardi,
903 1818 921 1854 a
932 1798 1111 1871 Oonquoestu
1126 1798 1229 1864 Primi,
1249 1799 1408 1855 vicesimus

199 1865 219 1900 '⁴'
230 1865 267 1900 ¹²
356 1883 478 1955 primus,
499 1883 556 1938 suit
572 1882 651 1937 idem
669 1884 732 1937 Rex
749 1883 787 1938 ad
803 1883 910 1939 Natale
934 1883 1012 1955 apud
1029 1884 1146 1939 Novum
1165 1883 1301 1939 Casuum
1320 1901 1409 1955 super

356 1966 484 2037 Tynam3
504 1966 554 2021 ubi
573 1968 703 2038 suscepit
720 1967 890 2037 homagium
908 1966 1001 2038 Regis
1021 1966 1185 2022 Scotorum.

200 2047 340 2125 lisbium·
393 2050 437 2105 Eo
454 2057 593 2121 tempore,
612 2050 760 2106 Hanricus
778 2051 814 2105 de
832 2050 999 2122 Hispannia
1014 2052 1046 2105 in
1064 2033 1180 2106 carcere
1192 2049 1284 2121 Regis
1298 2049 1407 2107 Siciliae
1419 2048 1516 2114 Eseape
1527 2050 1557 2101 of

199 2115 324 2243 23¹3&
357 2135 409 2191 diu
433 2135 577 2201 detentus,
603 2135 728 2191 evadens
746 2135 936 2207 Hispannias,
962 2135 1000 2191 ad
1022 2142 1158 2207 nepotem
1176 2153 1263 2192 suum
1276 2133 1407 2190 Sanctim
1420 2115 1510 2247 ἓξὲξ
1521 2118 1551 2167 ⁰f

199 2248 209 2282 ,ι
233 2219 251 2258 -’
358 2219 402 2275 Re
425 2236 472 2273 em
488 2220 579 2274 venit.
1419 2242 1423 2250 ·
1500 2222 1506 2235 ‘

199 2276 218 2297 ⁶
231 2262 269 2299 m
393 2237 451 2356 igar
463 2301 542 2356 idem
560 2309 686 2374 tempus,
699 2307 875 2358 mercatores
886 2301 1014 2374 daghe,
1027 2302 1119 2357 variis
1137 2302 1169 2357 in
1185 2302 1260 2357 mari
1278 2300 1407 2360 lacessiti
1420 2290 1543 2369 Tme-

357 2386 506 2458 periculis,
539 2404 627 2458 super
656 2387 798 2442 mercium
836 2404 956 2442 suarum
986 2387 1142 2443 amissione
1178 2385 1253 2457 Regi
1290 2386 1407 2457 Angliar
1420 2362 1541 2410 ‘¹⁰⁰⁸b9'

357 2476 583 2541 conqueruntur.
634 2469 691 2538 Qui
709 2470 853 2525 Comitem
878 2470 1045 2536 Lincolniae,
1071 2471 1234 2526 Henrieum
1257 2469 1293 2525 de
1318 2471 1405 2541 Lacy,
1420 2428 1577 2544 ffifflg'

358 2553 397 2608 ad
408 2553 520 2625 Regem
532 2554 664 2609 Francius
676 2555 855 2620 transmisit3
879 2554 1051 2626 suppliciter
1061 2561 1173 2626 petens,
1187 2560 1221 2610 ut
1238 2555 1275 2609 do
1287 2572 1408 2611 assensu
1421 2562 1525 2613 Franco.

359 2638 462 2708 ipsius,
476 2655 529 2708 per
541 2636 639 2708 Reges
651 2629 794 2692 eteorum
807 2638 947 2701 Consilia,
961 2646 1062 2693 contra
1074 2638 1242 2710 hujusmodi
1261 2640 1409 2694 maritima

359 2721 511 2793 dispendia
534 2721 736 2793 provideretur
759 2739 826 2778 cum
842 2722 990 2778 eeleritate
1015 2723 1051 2777 de
1075 2723 1204 2778 remedio
1222 2724 1407 2794 competenti.

359 2805 484 2860 Interim
503 2823 582 2870 vero,
603 2805 673 2860 dum
697 2805 802 2862 Oomes
826 2823 998 2878 responsum
1016 2813 1157 2879 expectat,
1177 2807 1280 2863 classis
1304 2807 1410 2862 dueen-

359 2895 456 2944 aarum
480 2889 599 2944 navium
616 2889 889 2954 Narmannicarum,
909 2890 1092 2961 etamplius,
1113 2909 1178 2961 quar
1196 2890 1357 2946 coadunata
1376 2895 1411 2945 ut

360 2972 473 3042 Anglos
492 2974 652 3029 virtuosius
670 2973 830 3038 invaderet,
850 2982 880 3029 et
897 2972 1071 3029 ²invadente
1090 2975 1196 3030 fortius
1216 2975 1409 3046 propulsaret,

360 3056 392 3110 in
403 3055 587 3112 Wasconiam
599 3058 728 3129 profecta
739 3059 843 3122 fuerat,
858 3057 998 3129 quicquid
1010 3058 1046 3112 de
1058 3063 1140 3130 parte
1153 3058 1275 3112 adversa
1293 3059 1411 3113 obvium

360 3139 464 3195 hebuit
486 3141 592 3211 praedae
617 3160 650 3196 ac
674 3143 762 3197 morti
781 3142 866 3197 facile
884 3141 1064 3196 destinando.
1114 3142 1193 3196 Dum
1217 3149 1321 3197 onusta
1342 3141 1412 3197 vino

361 3231 557 3280 reverteretur
575 3224 760 3296 gloribuuda,
775 3226 859 3297 quasi
879 3227 935 3281 sibi
955 3225 1009 3281 soli
1027 3226 1117 3281 maris
1130 3226 1268 3281 cessisset
1279 3226 1410 3290 libertas,

361 3326 380 3363 a
394 3310 547 3379 sexaginta
566 3310 689 3364 navibus
701 3309 874 3380 Anglicanis
887 3310 1002 3381 eapitur
1014 3310 1045 3364 in
1056 3316 1145 3381 portu
1159 3310 1260 3365 Sancti
1272 3309 1412 3365 Matthaei

360 3392 393 3447 in
415 3391 524 3446 Minori
542 3392 703 3457 Britannia,
723 3394 802 3448 etin
819 3394 959 3463 Angliam
977 3393 1141 3458 adducitur,
1155 3394 1229 3448 seria
1247 3402 1329 3449 sexta
1345 3397 1412 3448 ante

361 3474 505 3546 Vigiliam
523 3476 719 3541 Pentecostes,
740 3477 899 3532 submersis
918 3485 970 3533 aut
987 3478 1070 3532 cessis
1088 3478 1254 3533 bominibus
1278 3477 1412 3532 omnibus

363 3561 413 3630 qui
439 3566 523 3615 eraut
546 3560 577 3615 in
601 3560 733 3625 navibus,
761 3560 831 3616 solis
855 3561 916 3616 illis
939 3562 1084 3633 ⁸exeeptis
1111 3561 1161 3632 qni
1180 3562 1211 3615 in
1230 3562 1345 3633 scaphis
1364 3561 1414 3616 vix

363 3644 420 3699 sibi
440 3643 528 3700 saluti
548 3644 664 3700 fuerant
675 3643 824 3714 fugiendo.
862 3644 1075 3699 ⁴Perdiderunt
1091 3662 1195 3716 nempe
1209 3638 1316 3701 Gallici
1329 3645 1412 3716 quin·

362 3727 458 3783 decim
470 3728 565 3782 millia
581 3728 733 3782 hominum
751 3728 782 3783 in
800 3729 855 3783 hoc
873 3728 1019 3783 conflictu.

386 3813 510 3868 ‘Rumor
527 3813 607 3876 faeti,
628 3813 751 3867 diffusus
769 3830 821 3884 per
840 3812 976 3876 Galliam,
1002 3813 1115 3883 Regem
1133 3811 1296 3868 Consilium
1314 3830 1413 3869 suum·

363 3913 430 3968 que,
449 3915 507 3951 non
525 3903 585 3952 tam
603 3895 793 3952 admiratione
812 3914 900 3967 quam
923 3894 1122 3966 indignatione
1148 3895 1312 3952 vehementi
1337 3914 1413 3951 com·

363 3981 464 4036 movit.
510 3979 688 4036 Ordinantur
712 3981 804 4051 igitur
829 3981 1061 4045 ambassiatores,
1089 3980 1197 4050 quiex
1220 3986 1304 4051 perte
1322 3980 1414 4051 Regis

363 4064 544 4120 Francorum
569 4082 588 4119 a
611 4064 694 4135 Rege
717 4064 836 4134 Angliae
854 4071 995 4135 peterent,
1024 4071 1059 4120 ut
1083 4065 1192 4134 absque
1218 4082 1300 4119 mora
1325 4081 1414 4119 naves

364 4167 432 4203 cum
450 4149 605 4214 mercibus,
625 4167 679 4219 per
695 4148 828 4203 homines
847 4167 914 4207 suos
932 4155 1040 4220 raptas,
1068 4156 1098 4203 et
1122 4149 1153 4202 in
1179 4164 1270 4218 regno
1296 4166 1348 4203 suo
1369 4164 1413 4201 re·

364 4240 473 4303 septas,
493 4235 671 4296 restitueret,
701 4234 726 4287 si
751 4233 841 4288 vellet
866 4251 920 4288 sira
943 4233 1061 4304 negotia
1084 4251 1137 4302 pro
1157 4239 1236 4287 terra
1253 4232 1414 4288 Wasconim

365 4317 397 4371 in
415 4316 507 4372 Curia
524 4317 616 4387 Regis
634 4316 766 4371 Francia
785 4317 984 4372 favorabiliter
1002 4316 1141 4388 expediri.

402 4399 497 4471 Super
514 4401 650 4455 mandato
675 4400 739 4454 Rex
758 4399 932 4464 deliberans,
952 4402 1051 4457 habito
1076 4399 1215 4465 Consilio,
1244 4399 1412 4465 Ricardum,

365 4482 594 4539 londoniensem
611 4483 799 4555 Episcopum,
819 4484 964 4555 adjunctis
984 4484 1079 4539 eidem
1104 4482 1170 4538 aliis
1195 4483 1268 4539 viris
1289 4483 1414 4554 pruden-

367 4567 455 4632 tibus,
484 4567 522 4622 ad
548 4567 661 4637 Regem
684 4567 865 4622 Francorum
883 4575 1017 4624 etenum
1041 4567 1204 4623 Consilium
1221 4585 1288 4623 oum
1313 4567 1414 4640 hujus·

366 4652 479 4709 comedi
496 4651 660 4706 transmisit
671 4669 828 4723 responso;
847 4651 994 4717 videlicet,
1008 4670 1076 4707 eum
1091 4652 1155 4707 Rex
1165 4649 1283 4722 Angliae
1296 4652 1414 4708 Uariam

368 4755 450 4792 suam
468 4735 573 4790 habeat
597 4734 672 4789 nulli
696 4735 866 4806 subjectam,
893 4736 917 4790 si
943 4736 994 4805 qui
1020 4754 1051 4791 se
1075 4735 1160 4790 laesos
1191 4736 1335 4792 senserint
1363 4752 1415 4807 per

399 4964 407 4997 ¹
417 4961 543 5029 adeptione
553 4962 582 5013 in
593 4961 637 5013 the
645 4961 745 5028 printed
755 4969 828 5015 texts.
941 4963 950 4993 ³
959 4961 1070 5013 Omitted
1080 4961 1107 5012 in
1119 4961 1162 5013 the
1173 4961 1274 5027 printed
1285 4970 1359 5014 texts.

403 5043 413 5073 ²
424 5042 558 5110 Cerreetly
570 5042 718 5096 incedentes,
942 5041 1120 5093 *Predidmat
1129 5042 1158 5093 in
1169 5043 1233 5108 orig.
