3750 6250
752 1093 917 1144 mamam
929 1094 1140 1146 mancias.
1407 1085 1477 1150 335

307 1292 397 1346 nni.
429 1285 448 1310 ‘⁴
468 1282 581 1338 Sanctae
609 1280 749 1337 Ecclesia
779 1281 920 1338 divinitus
950 1282 1131 1348 ordinatum
1163 1286 1194 1337 et
1222 1286 1285 1339 esto
1310 1298 1421 1338 memor
1445 1282 1646 1341 deA.I).1877.

304 1378 322 1439 ς·
338 1366 370 1411 ¹³
429 1371 448 1396 “
468 1364 569 1438 ¹[quo]
583 1366 740 1422 Psalmista
757 1366 950 1438 prophetavit,
966 1367 1074 1431 dicens,
1087 1373 1097 1403 ²
1108 1366 1289 1438 ‘Accingere
1311 1368 1410 1439 gladio
1430 1373 1482 1423 tuo

304 1445 337 1480 lx.

429 1455 448 1480 “
469 1454 477 1478 ‘
490 1469 578 1523 super
590 1452 685 1506 femur
696 1458 790 1516 tunm,
804 1451 1004 1523 potentissime
1016 1474 1023 1516 3
1034 1452 1041 1475 '
1060 1456 1094 1506 ut
1110 1469 1163 1523 per
1182 1452 1307 1507 eundem
1318 1453 1380 1508 vim
1392 1453 1482 1523 aeqni·

429 1540 448 1564 “
467 1537 536 1592 tatis
555 1554 697 1601 exerceas,
717 1536 824 1591 molem
841 1536 1006 1607 iniquitatis
1030 1542 1163 1607 potenter
1184 1536 1327 1603 destruas,
1348 1543 1378 1592 et
1397 1537 1484 1592 Sanc·

429 1624 449 1649 “
467 1627 528 1676 tam
552 1621 608 1676 Dei
628 1621 792 1676 Ecclesiam
816 1620 938 1690 ejusque
968 1620 1069 1675 fideles
1095 1622 1304 1692 propugnando
1335 1628 1482 1692 protegas,

430 1708 449 1733 “
468 1723 521 1760 nee
545 1706 642 1760 minus
661 1705 716 1759 sub
740 1704 796 1759 fide
827 1703 916 1758 salsos
945 1721 1032 1774 quam
1052 1703 1211 1760 Christiani
1236 1705 1362 1760 nominis
1386 1706 1484 1760 hostes

430 1794 450 1818 “
468 1791 612 1845 execraris
624 1809 657 1846 ac
676 1789 821 1853 destruas,
834 1788 939 1843 viduas
958 1794 989 1843 et
1006 1789 1133 1860 pupillos
1145 1790 1304 1845 clementer
1316 1789 1438 1860 adjuves
1451 1807 1485 1844 ac

430 1874 449 1901 “
468 1873 615 1939 defendas,
641 1874 771 1930 desolata
787 1878 945 1937 restaures,
965 1879 1128 1929 restaurata
1145 1891 1310 1939 conserves,
1330 1873 1484 1930 ulciscaris

430 1962 449 1986 ‘⁴
467 1959 585 2029 injusta,
605 1958 758 2014 confirmes
777 1958 868 2013 ’bene
887 1958 1047 2029 disposita,
1068 1965 1211 2029 quatenus
1229 1959 1292 2015 haec
1310 1959 1342 2013 in
1360 1958 1482 2029 agendo,

430 2044 611 2099 “virtutum
628 2042 777 2114 triumpho
803 2043 950 2113 gloriosus
973 2042 1099 2113 justitiae
1125 2043 1220 2099 cultor
1237 2045 1387 2115 egregius,
1417 2060 1485 2098 oum

430 2131 449 2153 ‘⁴
467 2127 567 2182 mundi
588 2127 747 2190 Salvatore,
780 2127 865 2198 eujus
890 2133 994 2198 typum
1018 2128 1098 2197 geris
1125 2127 1156 2181 in
1179 2129 1305 2194 nomine,
1336 2128 1399 2183 sine
1426 2128 1483 2181 fine

430 2214 448 2238 “
467 2211 607 2266 merearis
630 2211 784 2282 regnare.”
820 2212 902 2267 Tunc
926 2212 985 2266 dno
1003 2211 1132 2267 Comites
1151 2229 1219 2267 eum
1237 2212 1337 2283 gladio
1355 2211 1485 2268 accinxe-
1496 2206 1617 2274 Delivery

427 2303 513 2362 rant;
541 2314 598 2367 quo
624 2297 710 2360 facto,
739 2296 987 2368 Archiepisoopus
1013 2296 1144 2351 armillas
1170 2296 1252 2352 dedit
1277 2297 1314 2361 ei,
1335 2297 1436 2352 dicens
1449 2274 1575 2338 -⁰f¹h⁸

429 2380 576 2451 “Accipe
606 2381 746 2444 armillas,
779 2380 954 2436 sinceritatis
980 2386 1011 2435 et
1037 2380 1195 2451 sapientiae,
1228 2380 1401 2451 divinaequae
1429 2337 1630 2435 difficilem*

364 2516 370 2529 ,
430 2466 449 2491 “
468 2463 670 2529 onmdationis,
702 2464 853 2530 indicium,
874 2465 981 2536 quibus
1008 2465 1158 2535 intelligas
1184 2482 1284 2529 omnes
1301 2465 1483 2537 operationes

430 2551 450 2576 ‘¹
468 2554 534 2603 tuas
570 2555 671 2603 contra
705 2550 813 2614 hostes,
851 2549 983 2604 visibiles
1020 2555 1051 2605 et
1085 2548 1259 2615 invisibiles,
1297 2567 1383 2622 posse
1419 2568 1484 2604 esse

431 2635 449 2659 “
468 2632 625 2688 munitas.”
661 2632 768 2687 Postea
794 2633 890 2688 induit
915 2651 983 2688 eum
1000 2633 1246 2706 Archiepiecopos
1271 2636 1365 2706 regali
1383 2634 1482 2706 pallio,
1496 2634 1652 2684 Investment

428 2717 471 2771 ita
491 2716 779 2788 dicens-“Accipe
797 2717 923 2788 pallium
949 2722 1074 2787 quatuor
1100 2718 1215 2773 nunciis
1241 2718 1409 2784 formatum,
1431 2735 1484 2789 per
1497 2701 1557 2750 with
1570 2697 1613 2749 ¹¹¹⁰

431 2804 450 2827 ‘⁶
470 2800 548 2872 quod
564 2801 715 2870 intelligas
734 2807 858 2872 quatuor
882 2801 983 2855 mundi
1009 2806 1107 2872 partes
1127 2801 1233 2856 divina
1258 2804 1395 2874 potestati
1420 2819 1484 2857 esse
1496 2769 1559 2819 Μ’

432 2888 450 2911 “
470 2884 625 2955 subjectas,
652 2902 706 2939 nee
732 2902 898 2956 quenquam
925 2902 1011 2955 posse
1038 2885 1164 2940 feliciter
1187 2902 1312 2955 regnare
1336 2886 1367 2940 in
1385 2886 1482 2950 terris,

432 2971 451 2995 “
469 2969 527 3023 uisi
545 2969 595 3023 cui
612 2974 741 3040 potestas
760 2968 901 3039 regnandi
920 2969 1011 3023 fuerit
1029 2968 1135 3024 collata
1152 2968 1189 3022 de
1207 2968 1321 3034 coelie,”

465 3053 597 3117 Interim,
617 3054 688 3108 dnm
705 3053 952 3126 Archiepisoopue
965 3053 1113 3108 benedixit
1130 3070 1266 3108 coronam
1284 3053 1406 3125 regiam,
1427 3051 1484 3107 duo
1497 3055 1553 3104 The
1591 3122 1597 3134 .

431 3137 558 3193 Comites
571 3136 683 3208 ⁴[eum]
704 3139 944 3201 calcariaverunt,
965 3137 1002 3193 ad
1021 3156 1146 3208 quorum
1164 3137 1292 3192 officium
1309 3138 1481 3208 pertinebat.
1497 3123 1641 3188 omme·

430 3222 588 3277 Benedicta
613 3240 727 3287 corona,
749 3222 996 3295 Archiepiscopus
1015 3222 1155 3293 imposuit
1175 3239 1263 3293 super
1282 3229 1370 3293 capnt
1388 3221 1482 3292 ‘ejus

430 3306 529 3361 dicens
538 3309 605 3374 ;-“
616 3306 742 3362 coronet
753 3313 782 3361 te
796 3306 876 3361 Deus
889 3324 996 3361 corona
1010 3307 1113 3377 gloriae
1126 3312 1213 3378 atque
1225 3306 1360 3377 justitiae,
1374 3307 1483 3361 honore

432 3394 450 3418 ‘⁶
470 3397 501 3446 et
512 3408 598 3463 opere
611 3391 801 3455 fortitudinis,
815 3397 850 3446 nt
861 3409 914 3463 per
926 3391 1054 3446 officium
1066 3396 1174 3445 nostrae
1186 3390 1406 3454 benedictionis,
1416 3408 1484 3445 cnm

432 3478 451 3502 “
470 3474 527 3529 fide
545 3481 625 3531 recta
642 3482 673 3530 et
690 3476 847 3548 multiplici
863 3476 1006 3530 bonorum
1026 3493 1147 3547 opernm
1162 3475 1270 3538 fructu,
1290 3474 1327 3529 ad
1348 3491 1483 3529 coronam

432 3561 451 3586 ‘⁶
470 3559 622 3630 pervenias
643 3560 729 3629 regni
756 3558 921 3630 perpetui.’'
967 3559 1048 3624 Tarm
1073 3559 1155 3614 dedit
1181 3558 1209 3612 ei
1236 3558 1483 3631 Archiepiscopus
1496 3571 1651 3620 Investment

431 3643 579 3708 annulum,
593 3662 660 3698 cum
671 3644 730 3698 hiis
742 3644 839 3699 verbis
850 3646 915 3707 ;-“
925 3643 1035 3715 Accipe
1054 3643 1193 3698 annulum
1210 3643 1301 3714 regia
1319 3642 1482 3714 dignitatis,
1496 3637 1557 3716 *dih
1569 3637 1611 3687 the

432 3730 451 3754 “
471 3734 501 3783 et
512 3745 565 3799 per
581 3728 668 3792 hunc,
692 3728 760 3782 vitae
781 3727 939 3783 Catholicae
958 3727 1026 3781 fidei
1045 3726 1239 3796 signaculum,
1260 3727 1329 3798 quia
1346 3733 1380 3782 ut
1397 3728 1483 3783 hodie
1496 3705 1572 3769 ng·

433 3815 451 3838 ‘¹
471 3811 614 3867 ordinaris
632 3819 720 3884 ceput
738 3818 768 3867 et
784 3812 919 3884 princeps
937 3812 1023 3881 regni
1042 3829 1075 3866 ae
1093 3811 1203 3883 populi,
1223 3811 1266 3867 ita
1283 3813 1484 3882 perseverabis

433 3899 451 3923 ‘⁴
471 3903 571 3951 auctor
583 3903 614 3952 et
625 3897 770 3952 stabilitor
783 3896 1012 3952 Christianitatis
1025 3901 1055 3950 et
1073 3894 1247 3950 Christiana
1265 3895 1343 3958 fidei,
1363 3902 1397 3951 ut
1414 3896 1484 3950 felix

433 3983 451 4006 ‘⁶
471 3980 502 4034 in
515 3998 610 4053 opere,
624 3980 796 4053 locuplesin
808 3981 874 4044 fide,
888 3998 955 4035 cum
974 3979 1056 4049 Rege
1069 3978 1188 4049 Regum
1206 3979 1373 4049 glorieris,''

468 4064 574 4120 Statim
597 4071 664 4137 post
686 4066 759 4129 hoec,
783 4064 908 4121 accessit
925 4064 1069 4118 Dominus
1095 4064 1131 4118 de
1150 4064 1306 4128 Furueval,
1332 4081 1367 4118 ex
1391 4063 1650 4132 officio1nvestm0m

432 4148 554 4205 offerens
566 4150 593 4203 ei
606 4150 726 4205 rubeam
743 4148 949 4211 chirothecam,
964 4165 1052 4219 quam
1063 4146 1308 4220 Archiepiscopus
1326 4146 1481 4210 benedixit,
1495 4149 1557 4198 aith
1569 4149 1611 4198 the

432 4238 462 4287 ct
479 4233 620 4304 imposuit
631 4233 747 4287 ‘manui
765 4233 865 4303 regiae,
887 4231 959 4286 dans
972 4231 999 4285 ei
1012 4237 1161 4302 sceptrum
1180 4232 1237 4287 hiis
1250 4230 1358 4295 verbis,
1371 4230 1481 4294 dicens,
1495 4215 1605 4280 scepile·

432 4317 616 4388 —“·Acoipe
636 4323 792 4389 sceptrum,
818 4317 908 4388 regiae
921 4316 1074 4387 potestatis
1092 4316 1217 4385 insigne,
1237 4315 1352 4384 virgam
1372 4313 1485 4370 scilicet

434 4404 454 4428 “
472 4402 557 4471 regni
587 4408 706 4466 rectam,
738 4401 854 4471 virgam
877 4400 1006 4464 virtutis,
1039 4418 1097 4471 qua
1127 4400 1254 4470 teipsum
1281 4399 1354 4453 bene
1377 4416 1482 4470 regas3

434 4487 453 4512 “
474 4484 611 4541 Sanctam
623 4485 793 4551 Ecclesiam,
807 4483 1098 4557 populumvidelicet
1109 4483 1308 4538 Christianam
1319 4482 1374 4537 tibi
1392 4500 1410 4537 a
1422 4483 1485 4538 Deo

469 4789 476 4821 ¹
490 4785 610 4852 supplied
622 4785 686 4836 stom
703 4785 771 4836 Bibl.
782 4785 847 4851 Reg.
862 4790 892 4834 13
904 4783 935 4835 E.
1013 4784 1021 4812 ⁴
1034 4782 1156 4846 Supplied
1176 4781 1241 4831 stom
1252 4780 1320 4832 Bibl.
1332 4780 1396 4846 Reg.
1410 4786 1440 4832 la
1452 4781 1483 4832 E.

436 4865 472 4917 ix.
484 4887 492 4925 ς
509 4864 678 4916 dePaalmista
686 4866 730 4929 qui
737 4858 900 4930 prophetavit,
908 4863 936 4911 in
979 4862 1017 4912 ix.
1046 4861 1156 4911 Omitted
1166 4860 1194 4909 iu
1206 4860 1250 4911 the
1265 4859 1364 4925 printed
1375 4868 1450 4912 texts.

436 4946 480 4996 the
491 4945 591 5010 printed
602 4953 677 4995 texts
1013 4941 1087 5007 ⁶eja
1095 4939 1199 4990 omitted
1210 4941 1238 4990 in
1245 4940 1288 4992 the
1298 4941 1398 5006 printed
1409 4948 1482 4992 texta

469 5028 480 5056 ²
491 5024 576 5075 Psalm
587 5027 640 5075 xlv.
653 5031 676 5075 3.
1013 5022 1023 5050 ⁰
1034 5035 1106 5070 manu
1117 5020 1145 5070 in
1157 5019 1222 5087 orig.

470 5105 546 5156 'boae
555 5105 584 5156 in
594 5104 668 5170 orig,
677 5103 903 5170 byinadverteace
