3750 6250
693 1120 857 1173 uisroau
879 1118 1089 1174 metrosus.
1348 1108 1411 1173 401

199 1322 331 1377 313331,
361 1313 459 1385 tingat
481 1330 530 1369 eos
555 1314 719 1386 superiores
738 1314 872 1378 existere,
898 1330 951 1369 seu
972 1312 1107 1370 victores.
1158 1312 1216 1368 Sed
1235 1312 1306 1385 quid
1329 1315 1415 1385 pauci
1427 1313 1496 1367 ΑΒ.
1511 1317 1582 1370 1379.

199 1392 304 1469 118313
361 1406 462 1454 contm
479 1399 597 1463 multos,
618 1398 688 1453 fessi
713 1405 814 1453 contra
837 1398 936 1461 fortes,
958 1396 1111 1453 valerent?
1149 1397 1300 1469 Siquidem
1323 1400 1414 1454 nostri

199 1458 224 1507 Β·
236 1473 273 1509 ¹¹·
360 1483 474 1538 diutina
505 1482 595 1537 maris
626 1483 738 1553 experti
768 1482 959 1546 incommoda,
989 1482 1032 1536 eis
1072 1486 1156 1538 erant
1192 1482 1328 1553 impares,
1363 1484 1414 1555 qui

360 1574 391 1623 et
422 1567 521 1637 plures
552 1573 643 1631 erant,
670 1574 700 1622 et
726 1567 845 1622 minime
875 1566 1012 1621 fluctibus
1036 1566 1162 1636 fatigati.
1212 1565 1310 1622 Cessit
1342 1584 1414 1638 ergo

360 1650 483 1706 victoria
507 1650 671 1707 hominibus
695 1651 870 1715 inhumanis,
893 1650 1035 1714 trucibus,
1061 1650 1252 1706 sternentis.
1299 1650 1414 1709 Revera
1424 1654 1564 1707 Andmur-

360 1734 493 1806 bargiam
510 1742 693 1805 occupantes,
716 1735 860 1798 occidunt,
883 1739 1081 1806 prosternunt,
1102 1741 1132 1789 et
1152 1733 1328 1806 demergtmt
1345 1754 1411 1792 uos·
1425 1724 1511 1773 ‘¹⁰f0s
1523 1725 1565 1802 {he

361 1825 432 1882 tros,
458 1818 533 1873 nulli
556 1826 718 1890 parcentes,
742 1818 815 1873 nulli
839 1818 1014 1881 deferentes,
1037 1817 1150 1873 nullum
1174 1818 1299 1891 denique
1324 1792 1572 1921 (1110ωῇῐὲᾎὲἐὲ

363 1920 426 1957 sors
446 1919 547 1958 eorum
565 1902 733 1959 crudelitati
751 1903 859 1959 obtulit
875 1908 1068 1958 reservantes.
1107 1901 1219 1958 Occisis
1237 1904 1363 1968 taudem,
1377 1911 1411 1961 ut
1422 1922 1475 1977 119„
1492 1925 1580 1975 osone

360 1987 583 2052 arbitrabantur,
609 1988 753 2052 omnibus,
784 1988 918 2059 burgiam
935 1986 1081 2059 profundo
1112 1987 1324 2053 commendant,
1357 1988 1408 2044 ¹ne
1421 1990 1486 2055 boy;
1503 1992 1563 2042 who

360 2069 496 2126 videlicet
525 2088 626 2126 eornm
656 2071 841 2127 fraudulenta
869 2070 1008 2126 dolositas
1035 2077 1065 2126 et
1090 2070 1190 2127 dolosa
1213 2055 1572 2177 fraudulentiassffitffs‘

360 2154 494 2224 Anglicis
512 2154 596 2210 fieret
613 2154 776 2209 manifesta.
1421 2189 1506 2242 crime·

397 2237 549 2309 Supertuit
571 2245 669 2294 tamen
687 2240 805 2310 quidam
830 2240 930 2311 garcio
948 2258 983 2295 ex
1001 2239 1102 2295 eadem
1125 2240 1237 2311 bargis,
1263 2240 1313 2312 qui
1339 2240 1409 2296 durn

360 2323 569 2378 instantissime
595 2324 732 2395 utrinque
748 2331 939 2405 pugnaretur,
959 2341 1080 2379 cernens
1105 2333 1218 2379 nostros
1236 2325 1408 2395 perdendos,

359 2407 516 2462 transierat
533 2407 564 2461 in
580 2425 685 2463 navem
709 2407 943 2472 Flandreusium,
964 2408 1200 2480 descendensque
1218 2410 1249 2463 in
1267 2410 1410 2466 sentinam

359 2489 468 2545 ibidem
492 2490 587 2556 latuit,
608 2492 682 2547 nulli
700 2493 835 2563 cognitus
854 2492 945 2546 donec
969 2491 1047 2548 idern
1065 2490 1276 2548 ²Flaudrenses
1293 2498 1410 2565 portum

358 2574 517 2645 Anglicum
534 2575 710 2646 attigissent.
758 2576 817 2631 Hic
840 2592 912 2646 ergo
929 2593 983 2648 per
1005 2583 1067 2632 tres
1085 2577 1149 2631 dies
1168 2578 1230 2632 sine
1247 2578 1327 2633 victu
1346 2595 1411 2649 per·

359 2676 505 2723 severana,
531 2660 602 2715 dum
626 2660 756 2715 audisset
776 2660 970 2715 Flaudrenses
993 2660 1128 2731 Anglicis
1152 2661 1359 2732 colloquentes,
1381 2669 1412 2718 et

359 2744 467 2799 idioma
484 2760 604 2799 suorum
622 2745 799 2815 agnovisset,
819 2750 938 2815 repente
957 2746 1084 2801 surrexit
1101 2763 1136 2800 ex
1154 2746 1297 2817 profundo
1315 2748 1408 2813 navis,

359 2826 445 2882 iidem
463 2834 494 2882 et
512 2827 685 2899 suffragium
702 2827 867 2898 Anglorum
890 2826 1092 2885 ³inclamitans
1110 2847 1218 2901 magua
1235 2848 1316 2887 voce.
1353 2832 1410 2886 Ac·

358 2918 480 2966 currunt
491 2912 620 2982 Anglici,
634 2912 788 2967 turbantur
804 2912 1016 2979 Flandrenses;
1035 2913 1110 2968 nulli
1128 2920 1225 2969 tamen
1241 2916 1284 2970 rei
1301 2916 1409 2971 veritas

358 3002 422 3051 erat
438 3002 523 3062 nota;
549 2994 602 3051 sed
625 2995 742 3050 demum
759 2996 955 3053 invalescente
979 2996 1105 3053 clamore
1131 2998 1242 3069 ⁴pueri,
1261 3017 1309 3054 res
1328 3000 1409 3056 iuno·

357 3079 415 3135 tuit
437 3079 572 3150 Anglicis
598 3079 675 3136 sicut
700 3086 771 3134 erat.
808 3079 848 3136 Et
874 3098 941 3135 mox
968 3080 1162 3138 Flandrenses
1185 3084 1263 3154 capti
1288 3090 1356 3140 sunt
1380 3077 1547 3157 etlequ·

358 3164 524 3218 carceribus
543 3164 690 3228 destinati,
717 3165 861 3235 recepturi
886 3183 940 3236 pro
964 3165 1139 3221 facinoribus
1163 3167 1327 3221 mercedem
1346 3145 1487 3240 dig-”¹¹¹⁵h
1499 3146 1555 3209 ’ΜΡ

552 3248 558 3260 ,
1057 3250 1075 3262 ,,
1254 3251 1260 3263 ,
1421 3211 1510 3272 seized,
1526 3214 1577 3262 and

357 3267 434 3304 nam.
482 3247 575 3304 Navis
600 3254 750 3303 autemst
773 3248 848 3304 bona
875 3266 976 3305 eorum
1000 3266 1092 3322 regns
1123 3257 1192 3306 suat
1215 3252 1318 3307 usibus
1343 3271 1540 3328 con-,hem

359 3335 466 3391 fiscata.
1419 3345 1583 3410 impriaoued

355 3639 533 3708 Jotaaaa
557 3639 661 3720 etat,
692 3641 791 3709 mike
820 3647 988 3724 stratibus,
1011 3643 1199 3733 infamare
1227 3667 1410 3734 putassem

799 3745 937 3812 curauit.

392 3882 451 3938 Sed
475 3882 583 3954 Anglis
608 3882 776 3955 ‘nunquam
803 3883 909 3939 damna
935 3884 998 3939 sola
1025 3884 1186 3952 “venirent
1214 3889 1286 3960 quin
1310 3891 1407 3962 potius

356 3967 551 4039 multiplicata
566 3966 801 4023 ⁷concurrerent.
838 3967 956 4024 Accidit
973 3968 1080 4039 Anglis
1106 3971 1207 4026 eodem
1225 3989 1299 4027 anno
1317 3992 1407 4045 grave

356 4051 549 4123 dispendium,
569 4057 599 4106 et
617 4052 670 4106 toti
695 4052 798 4106 insulae
817 4051 1035 4124 deplorandum.
1071 4054 1149 4110 Nam
1166 4057 1213 4111 vir
1230 4058 1406 4129 armipotens
1419 4070 1461 4120 Sir
1472 4071 1542 4122 John

355 4143 386 4190 et
410 4135 575 4200 bellicosus,
595 4136 723 4207 prudens
735 4141 924 4200 etstrenuus,
952 4136 1101 4193 Johaunes
1120 4139 1235 4206 (llerlre,
1255 4142 1351 4197 socius
1377 4137 1510 4216 espieriis

356 4219 469 4290 collega
495 4220 691 4275 strenuissimi
726 4219 831 4276 militis
857 4220 976 4276 Domini
1011 4221 1149 4294 Hugonis
1176 4224 1212 4278 de
1242 4224 1404 4292 Calverlee,
1417 4207 1572 4258 ¹⁸w⁰¹¹¹¹d⁰d

389 4505 395 4536 ¹
409 4512 436 4554 at
447 4505 473 4554 in
484 4505 547 4570 orig.
559 4507 609 4556 aad
619 4505 665 4555 the
672 4505 771 4568 printed
779 4512 853 4556 texts.
875 4523 878 4613 4
905 4507 967 4570 Reg.
982 4512 1012 4556 13
1023 4507 1053 4558 E.
1065 4508 1100 4558 ix.
1108 4511 1159 4559 oud
1169 4509 1212 4560 the
1222 4511 1321 4574 printed
1331 4524 1406 4568 texts.

355 4583 646 4634 ConectedfromBibl.
658 4584 720 4649 Reg.
733 4589 763 4634 13
774 4585 804 4635 E.
817 4585 853 4635 ix.
876 4618 877 4626 ,
939 4583 1122 4637 ’clamitantis
1134 4589 1176 4639 the
1188 4589 1288 4653 printed
1298 4601 1372 4645 texts.

387 4659 855 4728 ’summamnorigethethree
938 4665 1348 4732 ⁴0mtttedintheprinadtexa.

355 4744 403 4794 last
419 4743 536 4809 syllables
552 4744 584 4793 os
594 4744 638 4794 the
654 4743 770 4807 previous
786 4745 855 4794 word
937 4741 948 4772 ⁵
963 4759 1067 4807 samara
1078 4745 1106 4794 in
1121 4747 1185 4811 orig.
1200 4749 1251 4797 aud
1262 4749 1329 4802 Bibl.
1342 4753 1406 4819 Reg.

354 4831 369 4852 “
378 4823 565 4874 frandrensem
572 4825 588 4848 ’⁵
600 4824 678 4891 being
684 4824 855 4890 immediately
875 4827 878 4889 ξ
908 4828 938 4871 13
951 4822 981 4872 Ε.
993 4821 1029 4872 ix.
1042 4845 1049 4882 3
1071 4841 1193 4889 nunquam
1210 4826 1236 4876 iu
1248 4827 1291 4879 the
1306 4831 1407 4894 printed

354 4905 441 4964 above,
462 4904 489 4954 iu
505 4903 572 4954 Bibl.
585 4904 649 4970 Reg.
664 4911 693 4955 13
706 4905 735 4954 Ε.
748 4905 794 4965 ix„
805 4904 856 4953 aud
875 4897 878 4931 ¹
905 4909 980 4952 texts.

354 4998 389 5043 so,
417 4983 549 5048 probably,
577 4983 697 5049 catabiug
717 4983 761 5034 the
787 4991 855 5033 aau-
939 4979 1150 5036 ‘emicatinthe
1161 4985 1260 5049 printed
1271 4994 1346 5042 texta.

354 5063 470 5113 scriber’s
481 5078 535 5130 eye.
569 5060 733 5114 Flandrenser
749 5062 777 5111 iu
788 5061 855 5112 Bibl.
940 5065 949 5092 ²
960 5070 1107 5112 coacumnt
1117 5063 1144 5112 in
1152 5064 1195 5115 the
1201 5064 1301 5129 printed
1313 5076 1387 5122 texta.

1203 5161 1267 5214 00
