3750 6250
742 1134 905 1186 HISTORIA
927 1135 1130 1189 indulcans

611 1426 889 1494 maumam
911 1426 1088 1495 rotatae
1117 1426 1267 1515 woaztffi

290 1583 382 1633 tBibl.
454 1591 473 1613 ‘⁴
492 1587 529 1641 Iu
540 1587 689 1659 principio,
707 1593 851 1658 protestor
868 1588 994 1658 publice,
1012 1587 1089 1644 sicut
1106 1606 1183 1660 soepe
1202 1588 1259 1644 faci
1277 1588 1360 1653 alias,
1381 1589 1457 1659 quod
1469 1588 1538 1639 Au.
1553 1594 1623 1641 1378.

289 1666 312 1726 i·
327 1655 357 1699 ¹³
419 1674 438 1698 “
457 1689 584 1743 propono
602 1678 631 1727 et
648 1671 722 1735 volo,
748 1689 783 1726 ex
806 1672 974 1728 totocorde
1001 1689 1075 1735 meo,
1100 1672 1246 1728 mediante
1271 1672 1326 1727 Dei
1351 1673 1455 1743 gratia,
1469 1673 1587 1750 Declara-

290 1730 328 1765 α’
419 1761 521 1811 “esse
557 1756 671 1827 integer
704 1754 898 1819 Christianus,
937 1762 967 1811 et
1004 1756 1143 1826 quamdiu
1179 1755 1320 1812 manserit
1349 1757 1381 1811 in
1409 1741 1613 1816 mot¹⁰¹¹⁸¹¹¹⁸fl¹⁰

418 1843 436 1865 ‘⁶
456 1840 573 1903 halitus,
592 1839 721 1910 profiteri
745 1846 832 1911 atque
858 1839 1021 1903 defendere,
1048 1846 1189 1910 quantum
1213 1840 1333 1904 sufficio,
1359 1839 1454 1911 legem
1468 1806 1611 1921 inim&

418 1927 436 1949 ‘⁶
456 1923 577 1980 Christi.
620 1924 660 1979 Et
688 1923 765 1995 quod
795 1924 821 1978 si
851 1940 886 1978 ex
915 1924 1081 1993 ignorantia
1110 1922 1156 1977 vel
1188 1941 1361 1993 quacunque
1396 1923 1621 1999 disclusum·

404 2011 436 2033 “‘
456 2025 544 2063 causa
569 2008 600 2062 in
625 2009 681 2063 isto
707 2007 850 2070 defecero,
878 2024 951 2077 rogo
976 2006 1073 2062 Deum
1099 2024 1197 2062 meum
1222 2007 1259 2062 de
1287 2008 1391 2073 venia;
1425 2003 1582 2063 occludens.

417 2094 435 2116 “
455 2110 540 2154 nunc,
565 2098 652 2162 prout
694 2097 807 2155 extunc,
843 2108 947 2146 revoco
977 2098 1007 2146 et
1036 2096 1171 2155 retracto,
1203 2090 1378 2146 submittens
1407 2109 1454 2146 me

416 2178 435 2200 ‘⁴
454 2175 604 2231 humiliter
623 2175 794 2231 correctioni
814 2174 927 2230 Sauotoe
949 2170 1054 2229 Mu'tris
1077 2174 1226 2229 Ecclesiae.
1263 2174 1303 2229 Et
1321 2193 1386 2244 quoe
1404 2193 1456 2247 per

416 2262 434 2284 “
454 2275 559 2329 pueros
577 2256 743 2329 ’reportata
766 2263 811 2313 est
834 2258 978 2313 sententia
997 2257 1064 2312 fidei
1084 2275 1171 2328 quam
1195 2257 1255 2312 dixi
1280 2258 1310 2312 in
1327 2257 1455 2313 ⁸s0h01is

416 2346 434 2368 “
454 2347 484 2397 et
506 2342 586 2406 alibi,
611 2358 644 2396 ae
668 2341 773 2411 magis,
798 2358 851 2412 per
874 2358 980 2412 pueros
1004 2342 1093 2396 etiam
1117 2358 1210 2411 usquo
1234 2340 1271 2395 ad
1295 2341 1456 2396 Romanam

415 2424 573 2481 “Curiam
597 2430 800 2496 transportata,
827 2424 902 2490 ideo,
922 2442 958 2479 na
986 2424 1145 2480 Christiani
1173 2424 1407 2480 scandalizentur
1425 2426 1455 2480 in

415 2513 434 2534 “
453 2526 509 2572 me,
528 2509 594 2564 volo
612 2509 777 2579 inscriptis
801 2507 870 2562 dare
888 2508 1062 2562 sententiam
1080 2525 1116 2562 ex
1134 2525 1192 2579 qua
1209 2508 1360 2577 impetitus
1379 2527 1453 2573 sum,

415 2596 433 2617 ‘⁴
454 2610 540 2662 quam
562 2592 628 2648 volo
652 2609 744 2662 usque
762 2590 800 2645 ad
817 2597 941 2646 mortem
965 2590 1129 2654 defendero,
1150 2591 1227 2646 sicut
1250 2591 1336 2646 credo
1355 2610 1454 2647 omnes

415 2681 433 2702 ‘⁶
454 2676 633 2731 Christianos
651 2676 765 2741 debere,
791 2675 842 2730 sed
866 2673 1033 2746 specialiter
1058 2674 1221 2730 Romanum
1238 2674 1407 2730 Pontificem
1426 2683 1456 2730 ot

415 2763 433 2785 “
453 2766 572 2815 caeteros
596 2758 759 2815 sacerdotes
782 2758 930 2813 Ecclesia.
969 2757 1108 2828 Intelligo
1132 2764 1229 2812 autem
1249 2758 1455 2814 conclusiones

348 2845 358 2854 '
415 2847 433 2869 ‘¹
453 2843 491 2897 ad
519 2860 636 2898 sensum
666 2849 696 2898 et
724 2842 841 2898 modum
872 2839 1009 2912 loquendi
1041 2841 1200 2911 Soripturae
1230 2847 1260 2896 ot
1284 2842 1454 2897 Sanctorum

415 2932 433 2953 “
454 2927 619 2991 Doctorum,
640 2943 727 2997 quem
744 2931 863 2996 paratus
888 2942 953 2979 sum
977 2941 1134 2993 exponere;
1162 2929 1191 2978 et
1215 2924 1282 2979 dato
1302 2924 1379 2996 qnod
1396 2927 1455 2981 siut

415 3016 433 3035 ‘⁶
454 3010 520 3065 fidoi
538 3011 701 3074 contrarias,
721 3008 787 3064 volo
805 3009 883 3078 ipsas
902 3006 1085 3078 paratissime
1103 3024 1248 3062 revocare.

450 3097 469 3119 ‘⁴
488 3094 588 3149 Prima
599 3092 762 3150 Conclusio.
803 3092 907 3147 'lotum
926 3108 1018 3162 genus
1036 3090 1193 3145 humanum
1212 3092 1452 3156 concurrentium,

416 3183 434 3204 ‘⁴
454 3179 533 3233 citra
545 3178 704 3242 Christum,
724 3194 782 3231 non
799 3176 887 3231 habet
909 3180 1083 3247 potestatem
1107 3173 1258 3229 ordinandi
1283 3175 1454 3245 simpliciter

416 3267 434 3287 ‘⁶
454 3268 486 3317 ut
509 3262 624 3326 Petrus,
645 3268 675 3316 et
692 3278 776 3316 omne
802 3277 895 3329 genus
922 3276 1018 3322 suum,
1039 3257 1203 3312 dominetur
1227 3258 1257 3311 in
1281 3264 1454 3328 perpetuum

415 3350 433 3370 “
453 3345 569 3415 politico
596 3362 683 3416 snper
707 3342 1037 3412 mundum-Patetque
1067 3357 1124 3394 non
1152 3339 1217 3395 ⁴est
1246 3339 1276 3394 in
1305 3340 1454 3395 hominum

415 3432 594 3499 “potestate
624 3427 766 3499 impedire
797 3425 954 3481 adventum
979 3424 1090 3481 Christi
1123 3423 1160 3478 ad
1190 3423 1275 3478 finale
1298 3422 1452 3494 judicium,

415 3515 433 3537 ‘⁶
453 3511 530 3582 qnod
542 3517 655 3583 oportet
664 3511 675 3542 ⁸
685 3527 783 3567 creare
797 3511 882 3582 juxta
897 3509 981 3564 illum
994 3506 1160 3563 Articulum
1172 3506 1266 3571 Fidei,
1282 3506 1372 3560 ‘Inde
1385 3525 1453 3562 ven·

415 3600 433 3620 “
455 3598 559 3650 ‘turus
578 3602 623 3650 est
636 3595 769 3666 judicare
784 3595 866 3649 vivos
885 3598 915 3648 et
931 3591 1081 3647 mortuos!
1117 3590 1229 3645 Exhinc
1247 3590 1334 3654 enim,
1354 3608 1453 3646 secun·

415 3683 433 3704 ‘⁶
453 3678 522 3732 dnm
540 3679 627 3733 fidem
655 3678 823 3750 Scriptum,
852 3676 978 3732 cessabit
1002 3675 1151 3730 hominum
1169 3673 1279 3745 politia.
1317 3674 1455 3745 Intelligo

415 3767 433 3788 “
452 3769 550 3817 autem
576 3762 801 3817 dominationem
826 3761 983 3832 politicam,
1011 3758 1059 3812 vel
1086 3758 1203 3813 civilem
1232 3757 1454 3812 dominationem

415 3852 433 3872 “
453 3846 630 3911 saecularem,
658 3847 804 3918 portinere
838 3845 921 3899 laicis
956 3842 1058 3898 activis
1084 3841 1240 3907 viantibus,
1273 3841 1342 3896 dum
1372 3860 1452 3912 perc·

415 3937 432 3956 '⁴
452 3933 614 4000 grinentur‚
644 3950 661 3985 a
690 3930 824 3985 Domino.
862 3928 907 3982 De
933 3926 986 3981 teli
1013 3925 1090 3980 enim
1114 3925 1307 3981 dominatione
1336 3925 1454 3996 politica

415 4019 432 4039 ‘⁶
452 4013 610 4084 loquuntur
627 4013 801 4086 philosophi.
847 4012 886 4066 Et
916 4009 1050 4081 quamvis
1081 4008 1293 4081 ‘periodicum'
1323 4015 1451 4072 vocatur,

415 4101 432 4122 ‘⁶
453 4096 624 4167 quandoque
644 4095 854 4168 ‘perpetuum’
873 4094 943 4166 quia
961 4099 1059 4148 tamen
1082 4091 1113 4146 iu
1138 4092 1288 4164 Scriptura
1313 4109 1403 4155 saera,
1423 4091 1454 4144 in

414 4185 432 4205 ‘⁶
453 4199 508 4235 usu
532 4180 680 4243 Ecclesiae,
703 4190 733 4235 et
750 4180 835 4234 libris
859 4176 1105 4250 philosophorum,
1135 4175 1339 4247 ‘perpetuum'
1366 4175 1454 4228 sumi-

415 4269 432 4289 “
452 4271 501 4319 tur
517 4266 677 4320 communis
696 4283 749 4336 pro
763 4263 903 4319 ‘aeterno'
916 4267 1026 4332 aperte,
1044 4266 1110 4332 post
1126 4259 1156 4313 in
1171 4260 1223 4312 illa
1241 4257 1451 4328 significatione

414 4353 432 4373 “
452 4347 606 4402 famosioro
633 4366 762 4419 suppono
788 4347 945 4402 torminum
975 4343 1059 4398 illum
1089 4342 1169 4414 capi;
1199 4342 1241 4396 sic
1270 4341 1347 4394 enim
1377 4340 1454 4394 cuuit

446 4603 451 4631 ¹
466 4609 480 4628 ¹⁶
494 4601 552 4649 Istoe
563 4611 621 4651 aunt
634 4599 821 4651 Declarutioncs
831 4602 910 4664 ,sacra
931 4607 934 4677 ᾗ
988 4598 1091 4648 '²'l‘hese
1103 4605 1154 4647 two
1166 4596 1246 4645 words
1258 4610 1299 4644 ere
1310 4595 1411 4646 omitted
1426 4596 1453 4645 in

412 4688 488 4743 “per
511 4679 609 4729 eundem
641 4680 778 4731 Jotanm
813 4677 911 4744 ll'yclrs,
931 4687 934 4763 J
955 4676 998 4726 the
1010 4676 1109 4739 printed
1119 4683 1193 4725 texts.

413 4766 428 4785 ·‘
445 4775 519 4822 mper
546 4757 727 4823 Prtporitioner
746 4775 808 4823 quas
834 4774 911 4822 supro
932 4782 934 4827 3
989 4755 1216 4817 ²xtolasinorig,
1230 4755 1453 4818 byinadvertence.

414 4845 427 4862 “
446 4839 580 4885 retorsimus
612 4840 636 4885 in
653 4837 852 4902 procedentibus,
874 4837 913 4885 dir
991 4837 1060 4883 ⁴esre
1077 4834 1104 4882 in
1121 4834 1235 4882 Parkcr’s
1253 4841 1325 4894 toxt;
1346 4842 1406 4883 esset
1426 4834 1452 4883 in

414 4922 428 4942 ··'
445 4933 491 4978 queo
501 4933 582 4964 coram
594 4915 727 4980 Epucopia
743 4917 869 4979 apparuit,
886 4925 912 4963 ut
958 4913 1088 4963 Cumdeu's
1105 4919 1166 4961 text

414 5004 428 5020 ⁶·
444 4994 630 5056 prelibavimus,
641 4995 709 5058 apud
717 4994 913 5046 lamttirtd-
933 4980 936 5032 l
991 4997 1000 5023 ⁵
1012 4996 1061 5058 Qy.
1075 4993 1099 5042 if
1106 5001 1149 5043 not
1161 4991 1262 5043 mulera

414 5074 482 5123 'l'itlo
494 5073 520 5122 in
536 5074 599 5124 [libi.
613 5075 673 5138 lteg.
686 5080 714 5123 13
727 5075 756 5123 u.
769 5073 805 5123 ix.
934 5080 937 5119 l
