3750 6250
663 1096 828 1146 maroam
848 1096 1059 1147 municius.
1315 1086 1379 1149 323

199 1277 301 1332 tBibt
329 1280 410 1353 Papa
429 1280 553 1339 missum
577 1301 644 1340 cum
668 1285 812 1341 mandatis
825 1286 993 1357 Papalibue,
1014 1284 1205 1341 candentibus
1223 1271 1378 1342 fuscinulis
1392 1296 1459 1348 Μ),
1475 1300 1546 1350 18⁷6.

199 1359 229 1462 ᾗ
239 1352 272 1400 ¹³
329 1365 433 1422 ferreis
456 1368 558 1424 vivum
582 1371 866 1436 excarnificaverunt,
892 1377 922 1426 et
944 1371 1073 1426 nondum
1096 1376 1244 1426 mortuum
1268 1371 1299 1424 in
1322 1376 1379 1426 ter-
1393 1389 1466 1453 They
1477 1397 1548 1440 enter

230 1451 238 1465 ‘
328 1467 391 1504 ram
410 1451 555 1507 foderunt.
593 1453 723 1522 Quorum
742 1455 860 1526 quidam
884 1460 986 1526 postea
1002 1454 1152 1511 venientes
1173 1455 1205 1509 in
1228 1454 1377 1524 Angliam,
1392 1456 1434 1505 the
1444 1456 1538 1533 service

328 1540 359 1589 et
375 1535 467 1607 Regis
479 1555 580 1608 paoem
597 1539 705 1594 habere
716 1545 863 1611 rogantes,
881 1546 1052 1596 manserunt
1066 1540 1176 1594 ibidem
1194 1539 1285 1595 donec
1300 1540 1380 1611 Papa
1392 1523 1469 1637 ⁰53¹?
1478 1523 1547 1589 ng

327 1636 380 1691 per
398 1639 465 1677 suae
487 1622 589 1678 Bullas
608 1623 786 1681 declarasset
809 1625 925 1696 quantis
944 1631 1043 1681 essent
1061 1624 1220 1680 sceleribus
1243 1625 1377 1679 involuti.
1393 1605 1504 1707 famsng'

328 1704 442 1759 Extuno
473 1724 542 1761 vero
575 1708 736 1764 Florentini
769 1709 950 1765 devenerunt
986 1708 1064 1766 servi
1101 1708 1202 1779 Regis,
1242 1714 1380 1779 tanquam
1454 1694 1460 1708 ’

327 1789 429 1853 nativi,
443 1808 509 1844 cum
524 1792 657 1848 omnibus
669 1794 752 1848 bonis
764 1800 795 1849 et
806 1794 918 1849 catallis
937 1811 1056 1859 eorum;
1076 1793 1234 1848 secundum
1251 1798 1380 1847 tenorem

328 1872 494 1928 litterarum
520 1876 684 1948 Papalium,
706 1878 783 1949 quod
807 1884 859 1934 aut
886 1879 929 1934 ita
953 1880 1089 1942 facerent,
1116 1884 1167 1934 aut
1196 1876 1233 1931 ad
1260 1876 1380 1932 Curiam

330 1957 508 2024 festinarent,
536 1960 710 2017 submissuri
741 1961 791 2017 ¹se
821 1962 926 2033 gratiss
956 1961 1075 2016 Domini
1105 1959 1193 2031 Papae
1223 1966 1253 2014 et
1283 1960 1380 2014 Ouriae

329 2043 512 2114 supradicta.
550 2045 712 2101 Florentini
731 2046 824 2117 igitur
843 2047 1005 2116 elegerimt,
1027 2052 1061 2101 ut
1080 2045 1136 2101 sibi
1155 2045 1318 2110 videbatur,
1344 2045 1380 2098 de

328 2128 441 2185 duobus
453 2129 539 2186 malis
553 2131 650 2188 minus
668 2131 788 2197 malum,
811 2134 921 2188 servire
940 2132 1086 2197 videlicet,
1107 2149 1187 2187 more
1205 2132 1379 2194 nativorum,

329 2212 406 2283 Regi
424 2212 551 2285 Angliae,
571 2233 660 2286 quam
678 2214 782 2271 ²subdi
801 2216 921 2271 arbitrio
942 2216 1148 2271 Romanorum.

364 2294 513 2353 Vicesimo
541 2300 668 2355 secundo
695 2300 743 2355 die
768 2300 842 2356 Julii
873 2300 947 2356 obiit
977 2300 1078 2357 Simon
1101 2299 1279 2371 ³Langham,
1311 2296 1380 2354 Gar·

329 2382 435 2439 dinalis
453 2382 607 2456 Anglicus.

363 2465 449 2524 Anno
473 2469 578 2540 gratiae
601 2469 758 2525 millesimo
784 2469 988 2527 trecentesimo
1008 2468 1223 2541 septuagesimo
1247 2467 1379 2538 septimo,
1393 2466 1463 2518 An.
1478 2468 1549 2518 1377.

330 2556 381 2625 qui
399 2562 444 2611 est
462 2575 553 2612 annus
566 2559 650 2629 regni
670 2558 762 2629 Regis
781 2556 927 2622 Edwardi,
950 2575 968 2611 a
979 2556 1156 2628 Conquaestu
1174 2556 1276 2620 Tertii,
1298 2556 1380 2627 quin-
1394 2534 1552 2584 Abundlnoe

1395 2602 1426 2650 of
1433 2601 1499 2651 wine

330 2640 517 2709 quagesimae
535 2641 658 2713 primus,
684 2648 765 2697 tenta
794 2641 915 2697 advecta
944 2648 990 2697 est
1019 2642 1050 2694 in
1079 2640 1219 2712 Angliam
1248 2639 1381 2695 vinorum
1394 2669 1540 2732 bmughtto

329 2722 514 2790 abundantia,
535 2731 644 2796 quante
661 2726 756 2781 multa
776 2732 922 2780 transacta
942 2733 1074 2796 tempora
1094 2742 1151 2779 non
1169 2724 1314 2781 viderunt.
1395 2735 1521 2800 England.

365 2807 451 2863 (lires
465 2808 572 2865 Natale
584 2827 654 2865 vero
666 2809 852 2865 Dominicum
870 2815 952 2864 tanta
964 2808 1093 2864 excrevit
1104 2827 1181 2879 aqua
1199 2809 1230 2861 in
1249 2808 1382 2879 partibus
1396 2817 1475 2867 Great

328 2890 604 2959 Nerthumbrorum,
619 2894 655 2948 de
671 2893 847 2948 resolutione
867 2892 981 2947 nivium
998 2910 1063 2963 quae
1079 2910 1132 2964 per
1144 2898 1209 2946 ante
1229 2893 1260 2946 in
1278 2911 1384 2962 magna
1395 2883 1476 2932 fl⁰⁰d⁸
1491 2881 1517 2929 5¹¹

330 2975 471 3032 densitate
495 2983 603 3033 terram
627 2983 808 3050 operuerant,
835 2983 869 3032 ut
892 2995 968 3047 aqua
998 2976 1034 3030 de
1058 2975 1223 3047 superciliis
1241 2977 1383 3030 montium
1395 2949 1535 3065 fflffim

330 3059 537 3127 descendendo,
554 3062 639 3131 juxta
659 3080 726 3117 cum
744 3061 846 3117 frustis
865 3059 980 3133 glaciei,
1006 3060 1106 3114 domos
1130 3060 1298 3114 colonorum
1317 3059 1384 3114 sub·

330 3151 466 3210 verteret,
489 3147 565 3202 bona
584 3165 649 3217 quas
668 3165 756 3219 super
774 3153 884 3201 terram
895 3145 1130 3208 ⁴accruaverant,
1152 3149 1223 3216 puta
1235 3144 1383 3212 curbones,

332 3229 457 3284 molares
480 3229 601 3302 lapides,
627 3229 718 3301 ligna,
745 3247 813 3285 cum
837 3228 996 3300 segetibus,
1023 3228 1152 3282 auferret
1176 3244 1228 3281 suo
1254 3227 1385 3297 impetu3

332 3311 460 3385 insuper,
481 3314 513 3367 in
531 3331 611 3368 mare
631 3313 817 3378 descendens,
840 3331 893 3384 per
911 3312 974 3369 vim
993 3318 1023 3367 et
1041 3311 1220 3366 collisionem
1242 3310 1386 3364 dictarum

331 3395 519 3463 ‘frustarum
539 3415 629 3454 naves
642 3399 782 3470 quasdam
801 3405 862 3453 tam
877 3396 999 3453 violenti
1018 3395 1192 3468 impulsione
1211 3394 1317 3465 glaciei
1336 3399 1388 3449 aut

332 3480 451 3536 inutiles
471 3481 600 3537 reddidit
620 3490 671 3538 aut
690 3483 805 3537 omnino
827 3482 977 3537 demersit.
1462 3545 1467 3557 ⁸

369 3564 456 3621 Circa
476 3566 584 3620 festum
603 3565 818 3621 Purificationis
836 3565 936 3620 Beatae
954 3563 1098 3634 Virginis,
1121 3563 1230 3618 factum
1250 3567 1296 3617 est
1316 3560 1386 3616 Par·
1399 3546 1553 3597 Pirhlmffli

333 3648 504 3705 liamentum
525 3649 692 3716 Londoniis,
713 3657 834 3722 cogente
856 3649 948 3715 Duce,
972 3649 1023 3720 qui
1041 3648 1120 3703 vices
1142 3647 1263 3718 gerebat
1283 3646 1384 3716 Regis,
1399 3614 1546 3662 ³t1⁴⁰¹¹d⁰¹¹'

334 3732 398 3804 ipso
422 3733 705 3806 ⁶irrecuperabiliter
729 3735 883 3791 infirmato,
930 3733 967 3788 In
992 3749 1059 3804 quo,
1082 3737 1220 3803 exparte
1245 3729 1384 3801 ⁷[Regis]

199 3824 303 3876 &Bibl
333 3818 513 3889 postulatum
532 3825 577 3876 est
598 3820 760 3876 subsidium
780 3838 799 3873 a
817 3819 895 3874 clero
914 3823 945 3873 ct
965 3816 1072 3888 populo
1091 3815 1198 3870 laicali.
1238 3814 1294 3870 Cui
1320 3822 1387 3869 taxa
1400 3802 1532 3852 Usshfflffi·

199 3908 228 3957 g.
243 3897 274 3942 1³
334 3902 510 3966 conceditur,
530 3903 670 3959 haetenus
692 3902 831 3967 inaudita,
851 3901 997 3966 videlicet,
1024 3898 1102 3973 quod
1123 3918 1141 3954 a
1161 3899 1293 3970 qualibet
1312 3869 1512 3999 iaioogffi

199 3966 306 4076 ἔξω
334 4004 458 4058 perrona
475 4005 561 4043 sexus
582 3988 745 4059 utriusque,
767 4004 856 4041 annos
878 3985 1033 4041 excedente
1055 3983 1285 4055 quatuordecim,
1306 3981 1387 4052 ³per·

201 4099 258 4144 221.
308 4062 315 4086 '
335 4072 446 4143 ciperet
463 4089 551 4126 unam
572 4090 714 4143 grossam,
736 4071 784 4126 vel
808 4075 934 4142 quatuor
953 4070 1096 4134 denarios,
1117 4068 1245 4140 exceptis
1266 4065 1387 4120 notoriis

334 4156 511 4226 pauperibus
534 4156 584 4227 qui
608 4155 724 4228 publice
748 4154 969 4220 mendicabant,
991 4159 1021 4209 et
1044 4153 1080 4207 de
1104 4153 1217 4208 cunctis
1240 4148 1387 4219 religiosis

334 4241 489 4310 utriusque
521 4257 616 4305 sexus,
652 4246 682 4295 et
715 4239 846 4310 qualibet
869 4237 1069 4294 ecclesiastica
1092 4252 1215 4308 persona
1245 4237 1386 4309 promota,

334 4322 487 4379 duodecim
509 4324 662 4391 denarios,
688 4329 719 4381 et
739 4323 775 4379 de
797 4322 921 4394 singulis
943 4322 1019 4387 aliis,
1044 4338 1103 4376 non
1126 4317 1275 4391 promotis,
1301 4333 1389 4370 unam

369 4608 412 4658 ‘et
428 4610 515 4675 gratie
540 4608 568 4659 in
596 4607 681 4674 orig.;
710 4608 838 4659 corrected
881 4606 908 4657 in
935 4606 1002 4658 Bibl.
1023 4605 1086 4669 Reg.
1112 4607 1141 4652 13
1168 4601 1199 4651 u.
1225 4600 1254 4649 ix
1278 4601 1328 4650 and
1345 4599 1389 4650 the

335 4688 401 4737 from
413 4689 456 4739 the
467 4689 569 4753 printed
579 4696 656 4739 texts.
882 4685 984 4751 printed
997 4692 1071 4735 texts.

368 4767 481 4816 2ειιὺᾱίιί
490 4768 518 4816 in
530 4768 574 4818 the
584 4767 686 4831 printed
697 4773 772 4818 texts.
915 4760 1136 4815 ‘brecuciabiiiter
1166 4761 1194 4810 in
1217 4758 1303 4826 orig,
1333 4774 1388 4809 eor·

368 4848 378 4876 ¹
390 4846 516 4913 hupham
538 4847 566 4897 in
589 4847 654 4912 orig.
666 4869 673 4908 ς
713 4845 841 4899 eorreeted
884 4847 969 4897 reeted
980 4844 1046 4894 from
1056 4843 1100 4892 the
1111 4840 1211 4906 printed
1222 4847 1299 4891 texts.

336 4925 402 4976 from
413 4925 457 4977 the
468 4927 568 4990 printed
579 4933 654 4977 texte.
703 4983 709 4996 ,
918 4923 1062 4987 'Supplied
1073 4921 1140 4971 from
1151 4920 1194 4970 the
1206 4919 1308 4984 printed
1319 4922 1389 4966 texte

371 5007 380 5036 ⁴
391 5015 548 5057 acerevnuat
557 5006 584 5056 in
597 5007 732 5059 Camden’a
743 5011 806 5056 text.
887 5006 938 5055 and
950 5003 1017 5051 Bibl
1029 5002 1093 5065 Reg.
1109 5005 1139 5048 13
1149 4998 1180 5048 E.
1191 4996 1228 5048 ix.

371 5087 541 5150 'saevarum
559 5087 587 5139 in
604 5087 669 5153 orig.
682 5107 690 5148 ;
702 5087 844 5151 fractorem
920 5083 1059 5148 'recuteret
1069 5079 1097 5130 in
1108 5077 1153 5130 the
1163 5076 1264 5143 printed
1274 5079 1348 5126 texts.
