3750 6250
495 1038 558 1103 166
820 1049 950 1100 ruerem
973 1049 1209 1101 wusmouuu

324 1243 394 1297 Ab.
414 1252 485 1298 1³22.
533 1239 595 1294 Rex
620 1240 713 1310 igitur
739 1238 834 1294 elutus
859 1239 896 1294 de
920 1245 1002 1295 tanta
1025 1239 1157 1304 victoria,
1181 1238 1244 1311 (qui
1268 1238 1368 1311 potius
1393 1237 1637 1312 gemeism'rruu

331 1331 482 1395 Expeditior
496 1326 637 1380 debuerat
654 1324 691 1379 de
709 1330 790 1379 tanta
814 1324 955 1379 nobilium
980 1325 1067 1380 turba
1090 1324 1167 1380 male
1192 1330 1351 1396 perempta,
1378 1325 1451 1396 quia
1474 1313 1637 1426 ttruoffffi

327 1398 426 1480 ΨΜ
494 1413 552 1468 fuit
569 1429 637 1467 vere
655 1412 761 1476 vietus,
789 1412 904 1482 quande
925 1421 969 1468 tot
986 1413 1059 1469 vicit
1082 1413 1241 1484 prudentes
1265 1410 1399 1482 milites)
1423 1411 1637 1520 ⁰⁰¹¹&th

328 1466 456 1518 mum
492 1497 653 1551 exercitum
680 1496 785 1551 fortem
810 1497 897 1550 nimis
928 1503 959 1551 et
982 1514 1122 1568 magnum
1153 1503 1254 1552 contra
1278 1495 1391 1562 Scotos,
1416 1501 1546 1567 quantus
1553 1509 1623 1562 au,

492 1601 510 1636 a
533 1581 621 1651 longe
645 1589 776 1652 tempore
799 1598 856 1634 nen
880 1586 927 1635 est
949 1581 1041 1636 vinus.
1091 1581 1147 1649 Qui
1178 1581 1288 1651 absque
1311 1579 1491 1636 victualibus
1514 1580 1545 1636 in

492 1665 577 1736 gravi
601 1681 796 1736 pemposaque
821 1664 1009 1719 multitudine
1039 1665 1071 1720 in
1100 1665 1274 1720 Berealibus
1303 1665 1449 1720 adunatus
1479 1681 1544 1736 par·

492 1750 581 1813 tibus,
604 1750 737 1820 pervenit
764 1749 800 1803 ed
828 1748 941 1816 Regem
967 1749 1005 1803 ed
1032 1749 1134 1804 villam
1161 1749 1197 1803 de
1221 1749 1307 1805 Novo
1333 1749 1439 1804 Castro
1457 1765 1546 1820 super

493 1834 613 1904 Tyrium.
664 1833 737 1888 Inde
759 1832 820 1886 Rex
846 1831 992 1887 hostiliter
1016 1832 1163 1904 profectus
1187 1840 1233 1887 est
1256 1833 1288 1887 in
1311 1831 1440 1898 ¹Seotia,
1466 1833 1544 1888 leuto

493 1936 597 1988 gressu
628 1917 804 1988 permetiens
835 1916 974 1986 quasdem
1005 1923 1104 1987 partes
1133 1917 1214 1972 illius
1244 1916 1420 1988 provinciae3
1459 1917 1544 1988 eujus

493 2003 619 2057 :nlrentu
646 2001 833 2072 praecognito,
864 1999 944 2055 Seeti
971 2001 1047 2055 bona
1072 2019 1126 2056 sua
1150 2019 1217 2056 cum
1235 2000 1408 2056 necessariis
1426 2001 1466 2056 ad
1482 2001 1545 2056 loos

494 2087 602 2142 tutiora
631 2089 894 2154 comportaverunt,
927 2085 1075 2152 fugientes
1105 2084 1142 2140 ad
1165 2083 1305 2150 ²montes,
1338 2101 1469 2149 nemora,
1497 2084 1543 2140 vel

494 2170 631 2241 paludes:
660 2169 761 2237 sicque
774 2169 908 2236 contigit,
921 2174 957 2223 ut
976 2187 1043 2223 eum
1063 2168 1127 2223 Rex
1144 2169 1206 2225 suis
1225 2169 1336 2225 nullam
1347 2169 1544 2226 resistentiam

495 2254 646 2317 inveniret,
678 2252 817 2322 nullaque
847 2252 988 2306 tietualia
1024 2253 1175 2324 reperiret,
1208 2253 1260 2308 sed
1290 2252 1389 2307 omnia
1417 2252 1542 2317 deserta,

494 2345 623 2400 vacuate,
655 2335 787 2391 ³mstata
818 2336 981 2406 perpendit,
1013 2337 1194 2407 consumptis
1231 2336 1325 2407 igitur
1354 2337 1541 2402 victualibus,

494 2435 552 2476 tam
565 2439 616 2492 per
628 2427 737 2475 terrem
750 2437 837 2490 quam
856 2437 908 2490 per
925 2437 1006 2474 mure
1019 2439 1072 2491 pro
1087 2421 1215 2476 exercitu
1227 2421 1425 2492 comportatis,
1439 2439 1545 2492 magua

493 2524 560 2575 pers
573 2505 726 2567 exereitus,
740 2505 817 2557 sume
836 2509 866 2558 et
884 2503 981 2558 inedia
997 2504 1150 2569 tabefacta,
1171 2505 1322 2577 ⁴protinus
1342 2511 1388 2560 est
1407 2505 1542 2562 extincte„

493 2588 577 2656 Quia,
597 2597 684 2659 prout
702 2588 774 2642 dicit
792 2587 935 2656 Vegetius
959 2588 1003 2641 De
1026 2589 1067 2643 Ile
1091 2589 1228 2654 Militari,
1256 2588 1401 2659 “Saepius
1422 2589 1545 2661 penuria

495 2675 514 2699 ‘⁸
534 2691 621 2742 quem
649 2690 750 2744 pugna
778 2672 924 2726 consumit
948 2673 1117 2738 exereitum,
1143 2678 1174 2728 et
1196 2674 1275 2728 ferro
1298 2673 1429 2728 severior
1454 2674 1543 2730 lamet

326 2759 447 2810 Unfertu-
496 2759 514 2783 ‘⁴
534 2755 608 2810 est.’'
653 2755 782 2810 Cernens
807 2760 904 2809 autem
930 2755 993 2809 Rex
1016 2756 1131 2826 plebem
1153 2773 1236 2811 suam
1257 2756 1355 2827 perire
1373 2761 1435 2812 tem
1457 2758 1543 2813 mise·

324 2833 382 2876 Μ
390 2826 481 2878 “⁸¹¹¹ss
493 2840 634 2904 rabiliter,
687 2839 786 2894 delens
831 2840 950 2894 demum
1001 2839 1177 2910 regreditur,
1221 2840 1328 2895 inlecto
1370 2857 1543 2913 quoeunque

325 2892 428 2945 &⁰¹⁸⁰ss
493 2925 611 2995 negotio
635 2924 792 2978 sumtuose.
843 2922 977 2993 Cumque
1003 2923 1088 2978 multi
1119 2923 1156 2978 de
1186 2923 1278 2994 Regis
1302 2925 1435 2980 exercitu
1458 2924 1542 2996 ⁵per·

492 3008 641 3063 venissent
670 3007 707 3061 ad
738 3006 863 3078 propria,
896 3013 926 3060 et
956 3013 1125 3076 gustassent
1153 3007 1233 3062 eibos
1257 3007 1382 3072 avidius,
1408 3026 1477 3063 mox
1498 3007 1543 3064 vel

493 3092 619 3163 diruptis
657 3090 819 3146 tiseeribus
862 3090 1069 3155 moriebantur,
1111 3098 1171 3157 aut,
1214 3099 1387 3163 consumpta
1428 3099 1541 3157 nutura,

493 3196 608 3248 semper
632 3176 794 3230 imbecilles
818 3186 849 3229 et
872 3174 983 3228 debiles
1007 3181 1238 3245 permenserrmt,
1264 3176 1343 3231 vires
1367 3177 1543 3248 praehabitas

492 3278 664 3332 recuperare
688 3278 744 3313 non
763 3258 902 3314 volentes.

327 3345 458 3409 Kieglld-
528 3345 660 3415 Contigit
683 3360 717 3397 eo
741 3350 879 3411 tempere,
906 3359 973 3395 enm
997 3340 1059 3394 Rex
1084 3341 1264 3412 inpartibus
1285 3359 1396 3398 moram
1415 3345 1544 3399 traheret

327 3415 395 3461 'ard
407 3412 462 3460 Μ
492 3429 673 3491 Boreulibus,
695 3427 723 3480 in
744 3426 807 3479 loeo
827 3426 876 3494 qtti
897 3425 1005 3479 dieitur
1019 3424 1168 3494 ‘'Regulis
1186 3426 1312 3490 Vallis‚”
1331 3428 1429 3483 minus
1447 3436 1541 3490 caute,

325 3479 444 3597 {2⁰⁰8ae
494 3513 582 3569 Senti.
603 3530 655 3579 per
673 3511 867 3580 exploratores
886 3508 1011 3579 perfidos
1031 3528 1102 3578 quos
1121 3508 1265 3564 habebant
1277 3510 1427 3581 Anglieos,
1449 3512 1542 3568 edocti

359 3561 374 3594 ⁰
493 3596 528 3649 de
556 3596 647 3663 Regis
675 3593 751 3647 mule
779 3600 865 3646 eunte
888 3592 1154 3661 perhendinatione‚
1178 3594 1306 3663 ingressi
1328 3602 1398 3651 sunt
1419 3614 1542 3667 regnum

492 3679 597 3737 subito,
612 3678 780 3748 s'sperantes
794 3677 907 3745 Regem
921 3677 1070 3730 incautum
1082 3694 1185 3747 cupere
1197 3679 1245 3733 rel
1257 3684 1336 3733 certe
1349 3680 1504 3750 perimere,
1518 3682 1541 3735 si

493 3765 608 3816 lottnnu
620 3762 755 3816 lavisset:
776 3761 836 3823 sed,
849 3761 911 3813 Deo
923 3760 1047 3824 volente,
1059 3760 1130 3825 Rex,
1141 3764 1332 3833 prmmmtitus
1345 3763 1381 3817 de
1390 3764 1542 3820 Scotorum

493 3846 700 3909 molitionibus,
720 3845 842 3899 recessit
860 3863 876 3897 u
894 3845 974 3905 loee;
996 3863 1082 3915 quem
1100 3845 1181 3899 velut
1199 3847 1360 3916 fugientem
1380 3848 1460 3904 Seoti
1479 3868 1542 3920 per-

493 3931 585 3985 seenti
605 3938 673 3983 sunt
685 3947 778 3998 nsque
791 3928 828 3981 ud
849 3928 1026 3982 Abbatbiem
1048 3929 1084 3982 de
1104 3930 1237 3999 Bylund;
1257 3931 1309 3986 sed
1328 3950 1382 3986 nee
1401 3933 1441 3986 ibi
1460 3940 1542 3989 tutus

494 4016 574 4069 loeus
595 4014 669 4083 llegi
692 4014 795 4074 suerat,
818 4019 937 4082 prepter
958 4014 1111 4068 Scotorum
1123 4015 1300 4069 violentiam.
1348 4016 1543 4084 Quamobrem

495 4101 566 4157 Rex.
581 4099 629 4151 rix
642 4097 764 4167 arreptis
778 4096 876 4158 armis,
891 4096 970 4165 sugit
981 4097 1145 4152 Ebemenm
1158 4099 1301 4161 celeriter,
1321 4100 1461 4156 thesauro
1479 4121 1541 4161 sue,

494 4182 679 4245 victualibus,
691 4187 721 4234 et
732 4179 915 4243 utensilibus,
925 4180 1081 4251 direptioni
1092 4179 1230 4237 ⁷relictis.
1263 4182 1342 4238 Seeti
1355 4203 1435 4248 vero,
1444 4186 1543 4241 viden·

494 4274 538 4321 tes
557 4267 619 4322 vias
638 4283 705 4319 suns
718 4263 892 4334 prosperari,
907 4264 1030 4332 petriam
1042 4271 1248 4334 pervagantur,
1263 4267 1359 4321 emnia
1370 4269 1449 4322 ferro
1462 4270 1542 4324 flam·

494 4369 598 4422 meque
610 4356 766 4412 sustantes,
781 4354 810 4401 et
822 4348 951 4417 captivos
964 4348 1071 4403 multos
1085 4366 1183 4403 seeum
1195 4351 1360 4417 trebentes3
1379 4352 1542 4425 intorques

528 4610 532 4637 ¹
548 4610 652 4658 Suetium
665 4610 692 4658 in
703 4609 745 4659 tlte
755 4607 853 4672 printed
864 4615 937 4657 texts.
1039 4608 1066 4656 in
1078 4607 1135 4657 MS.
1147 4608 1214 4659 Bibl.
1226 4610 1288 4676 Reg.
1303 4615 1332 4659 13
1344 4611 1375 4662 E.
1387 4612 1424 4664 ix.

526 4685 704 4751 ²Appereutly
716 4687 848 4749 expended
868 4685 932 4733 from
952 4685 995 4735 tlte
1071 4689 1237 4751 ⁵pereeniseet
1257 4689 1285 4737 iu
1308 4689 1390 4756 orig.;
1412 4693 1448 4757 by
1470 4692 1542 4745 inad-

495 4765 509 4790 “
522 4762 556 4810 ud
574 4760 626 4812 locu
647 4771 698 4813 tntu
720 4762 938 4830 cuipiapienlidns”
969 4765 1000 4813 of
1038 4774 1162 4818 vertente.

495 4841 650 4890 [l'relrelowe.
1070 4847 1146 4896 “The
1164 4847 1289 4913 lunguege
1307 4849 1339 4898 of
1357 4848 1542 4904 'Ibolteleneis

528 4925 571 4969 Jet
582 4930 678 4969 tustani
690 4922 715 4970 in
729 4924 770 4971 the
782 4923 881 4986 printed
893 4930 966 4971 texts.
1037 4926 1163 4987 umplilied
1175 4926 1240 4975 ltere.

529 5002 642 5065 *penitus
660 5001 688 5049 in
700 5001 847 5052 Trokelewe
859 5024 866 5061 ;
879 5004 992 5066 protinus
1070 5009 1078 5032 ⁷
1090 5004 1182 5056 relectis
1190 5006 1217 5055 iu
1225 5007 1301 5071 erig.;
1311 5009 1345 5073 by
1354 5008 1539 5063 inadverteuee.
