3750 6250
665 1114 832 1167 msroms
853 1112 1061 1167 stomoma
1151 1188 1156 1201 Ι
1349 1102 1391 1165 85

224 1284 321 1367 huss·
339 1298 459 1357 nomini
493 1299 582 1371 sape
612 1298 762 1366 aimus,
792 1299 915 1371 jubetur
945 1319 1006 1357 um
1042 1317 1110 1357 oum
1136 1299 1243 1356 nuncio
1273 1299 1472 1358 commun.
1487 1312 1558 1359 1³01.

224 1352 310 1474 Ἧι
337 1386 426 1457 Papoe
456 1395 582 1457 regnum
621 1402 761 1440 evacuare
806 1386 886 1440 infra
920 1390 1034 1441 certum
1068 1385 1227 1441 terminum
1261 1404 1280 1441 a
1309 1386 1391 1457 Rege

224 1434 261 1538 ᾗ
336 1470 497 1542 praefixum.
534 1469 624 1540 Papa,
638 1468 746 1524 talibus
770 1469 853 1524 novis
880 1475 1077 1540 exasperatus,
1103 1487 1202 1525 omnes
1226 1470 1347 1541 gratias,
1373 1488 1392 1524 a

337 1572 369 1609 se
388 1553 436 1609 vel
467 1553 529 1609 suis
561 1552 822 1624 praedecessoribus
858 1570 1009 1608 concessas
1042 1553 1222 1609 Francorum
1247 1553 1388 1625 Regibus,

336 1638 493 1702 revocavit,
520 1643 551 1692 et
572 1637 604 1690 in
628 1636 752 1691 eundem
782 1653 884 1707 regem
907 1637 966 1692 cito
994 1642 1060 1709 post
1084 1638 1389 1693 excommunicationis
1402 1643 1464 1695 And
1480 1644 1503 1696 is
1514 1661 1559 1696 ex·

337 1722 510 1778 sententiam
541 1720 716 1776 fulminavit.
766 1718 860 1789 Quam
883 1727 982 1776 tamen
1014 1720 1090 1792 Regi
1114 1739 1199 1776 nemo
1232 1739 1321 1777 ausus
1345 1714 1540 1777 cstfflmffll·

337 1807 483 1870 nunciare,
508 1805 556 1860 vel
581 1805 613 1859 in
631 1822 722 1877 regno
743 1804 875 1860 Franciae
899 1806 1058 1877 publicare.
1096 1805 1181 1861 Fecit
1203 1807 1293 1861 etiam
1305 1807 1391 1861 citari
1403 1779 1481 1833 Μ·

336 1891 471 1963 praelatos
495 1907 594 1944 omues
617 1889 653 1944 de
676 1906 768 1960 regno
792 1888 933 1953 Franeiae,
958 1906 1069 1944 necnon
1098 1895 1129 1945 et
1158 1907 1256 1945 omncs
1281 1890 1391 1961 Magis·

336 1982 396 2029 tros
417 1975 448 2029 in
471 1972 631 2044 Theologia
654 1979 684 2028 et
707 1973 738 2027 in
763 1972 845 2037 Jure,
871 1979 931 2027 tam
950 1972 1095 2029 Canonico
1119 1991 1208 2044 quam
1232 1973 1331 2038 civili,
1357 1980 1392 2030 ut

336 2075 433 2113 eoram
457 2074 491 2112 eo
515 2057 615 2112 Βοωω
639 2057 671 2111 in
703 2056 846 2111 Kalendis
878 2057 1054 2112 Novembris
1079 2063 1289 2129 comparerent.
1327 2058 1390 2113 Rex

336 2160 404 2196 vero
428 2141 561 2197 Franciae
592 2141 709 2213 publico
741 2140 892 2212 prohibuit
923 2140 1028 2205 edicto,
1058 2158 1096 2196 ne
1121 2142 1186 2211 quis
1211 2158 1316 2196 aurum
1340 2141 1387 2196 vel
1402 2151 1490 2218 Philip

336 2233 499 2296 argeutum,
525 2243 577 2281 seu
600 2241 712 2279 merces
737 2241 934 2297 quascunque,
963 2230 1126 2297 asportaret
1143 2226 1179 2280 de
1202 2242 1294 2296 regno
1318 2243 1387 2292 suo;
1401 2220 1535 2274 retaliet&

337 2310 390 2364 sub
420 2310 618 2365 forisfactione
636 2310 765 2364 omnium
783 2308 933 2373 bonorum,
960 2308 1074 2379 adjecta
1091 2309 1280 2365 nihilominus
1304 2327 1390 2381 poeua

336 2394 437 2463 gravi:
452 2394 523 2448 fecit
533 2394 622 2449 etiam
634 2410 733 2448 omnes
745 2392 840 2447 exitus
853 2398 884 2448 ct
894 2392 1031 2447 introitus
1043 2392 1152 2463 ubique
1164 2393 1390 2465 diligentissime

339 2477 488 2532 custodiri.

370 2562 414 2617 Ito
437 2568 576 2633 tempore,
608 2561 689 2633 Papa
720 2559 899 2631 legitimas-it
928 2560 1004 2615 filios
1038 2560 1158 2626 sanctii,
1194 2560 1287 2634 Regis
1320 2558 1547 2655 (lasffiffgssffof

337 2646 430 2713 telloe;
466 2647 550 2718 cujus
583 2647 805 2717 primogenitus,
852 2644 1043 2710 ¹Ferrandus,
1087 2647 1214 2703 obtinuit
1265 2665 1390 2719 regnum
1402 2661 1495 2705 cirtulo

335 2732 434 2802 retis·
1400 2711 1511 2805 litim*
1615 2737 1619 2744 ’

369 2815 430 2869 Rex
461 2813 578 2886 Anglire
611 2815 665 2870 sub
695 2814 754 2869 hiis
786 2813 889 2869 dicbus
920 2813 1151 2870 Barliamentum
1183 2816 1279 2871 tenuit
1303 2817 1387 2873 stan·
1400 2826 1557 2878 Parliament

335 2899 444 2965 lordiae,
473 2899 510 2954 ad
534 2899 612 2970 quod
635 2905 832 2954 convenerrmt
856 2898 984 2953 Comites
1009 2905 1038 2953 et
1062 2899 1200 2963 Berones,
1224 2919 1290 2955 cum
1303 2902 1387 2971 equis
1400 2893 1519 2944 aim·

335 2990 364 3038 et
397 2984 504 3048 armis;
545 3001 588 3047 eo,
625 2988 713 3055 prout
746 2982 905 3045 dicebatur,
944 2983 1101 3054 proposito,
1126 2990 1160 3038 ut
1189 2985 1387 3039 executionem
1400 2958 1465 3009 Μ

335 3066 450 3123 Ohartas
471 3067 507 3122 de
529 3068 658 3131 Foresta,
672 3068 812 3122 haetenus
825 3065 955 3130 dilatam,
976 3070 1181 3138 extorquerent
1198 3067 1236 3121 ad
1255 3068 1384 3138 plenum.
1399 3067 1511 3120 Edward

334 3151 394 3206 Rex
418 3158 526 3216 autem,
560 3170 660 3207 eorum
693 3151 862 3206 instantiam
887 3155 917 3204 et
948 3151 1199 3221 importunitatem
1223 3152 1384 3218 attendens,
1399 3137 1545 3251 ⁰gn⁰l¹l⁸¹²⁸

334 3253 433 3291 eorum
457 3237 599 3292 voluntati
620 3237 651 3290 in
674 3235 808 3290 omnibus
829 3234 1041 3290 condescendit.
1399 3205 1555 3255 lemme*

366 3323 478 3379 Eodem
496 3343 580 3389 anno,
601 3325 682 3395 Papa
699 3323 868 3378 Bonilacius
893 3322 1002 3378 direxit
1025 3323 1140 3380 litteras
1165 3323 1242 3395 Regi
1267 3323 1384 3397 Angliae
1398 3331 1467 3396 Pope
1476 3333 1556 3383 Boni·

334 3408 530 3473 secundariae,
550 3409 581 3462 in
599 3407 706 3478 quibus
725 3408 852 3462 asseruit
869 3424 995 3478 reguum
1014 3408 1120 3463 Scotiae
1133 3407 1231 3479 adjus
1244 3409 1383 3465 Romane
1398 3398 1452 3449 sace
1463 3400 1554 3452 claime

334 3490 497 3549 ²scolesiae
522 3493 679 3564 pertinere,
700 3491 814 3563 Regem
842 3490 961 3562 Angliae
992 3491 1166 3562 subjectioni
1194 3492 1258 3563 ejus
1284 3499 1382 3549 contra
1397 3466 1526 3585 {effi}

334 3576 427 3632 Deum
446 3584 477 3633 et
491 3577 649 3648 justitiam,
678 3583 709 3631 et
726 3577 758 3630 in
775 3575 969 3647 praejudicum
996 3575 1080 3631 Sedis
1106 3574 1293 3648 Apostolicae‚
1313 3597 1382 3633 ven·
1397 3599 1427 3647 os
1440 3599 1483 3649 the

334 3660 446 3726 dicare;
473 3661 601 3716 rationes
620 3661 752 3731 allegans
778 3659 968 3730 subscriptas.
1006 3660 1115 3725 Primo,
1144 3661 1214 3730 quia
1234 3679 1302 3715 cum
1320 3662 1383 3717 Rex
1397 3665 1505 3717 Romish

335 3744 489 3810 Henrieus,
508 3752 591 3816 pater
604 3745 700 3809 istius,
712 3744 854 3799 auxilium
866 3743 1040 3799 obtinuisset
1052 3744 1083 3797 iu
1093 3761 1188 3800 nerra
1213 3763 1266 3800 sua
1284 3753 1383 3802 contra
1396 3731 1505 3783 ΟΜΝ·

335 3829 490 3900 Syrnonem
515 3829 552 3885 de
577 3830 676 3884 Monte
704 3829 786 3883 Forti
812 3846 830 3881 a
854 3828 936 3899 Rege
966 3829 1119 3884 Scotorum
1144 3828 1319 3896 Alexandro,
1345 3849 1381 3886 ne
1396 3838 1518 3890 Grounds

334 3911 387 3968 hoc
405 3913 547 3969 auxilium
563 3913 631 3984 jure
649 3912 838 3983 subjectionis
857 3911 1023 3983 cujuslibet,
1052 3919 1104 3967 aut
1130 3912 1231 3978 debiti,
1258 3916 1382 3986 petitum
1394 3906 1497 3956 thfffflf·

335 4004 385 4052 aut
412 3998 577 4069 praestitum
606 4003 767 4068 putaretur,
800 3995 878 4050 idem
908 3995 1055 4050 Henricus
1087 4013 1139 4067 per
1170 3997 1283 4053 litteras
1314 4017 1381 4054 suas

334 4089 465 4151 patentes
491 4082 668 4153 recognovit,
695 4099 753 4135 non
778 4097 813 4133 ex
840 4079 938 4134 debito
963 4080 1118 4152 recepisse,
1146 4082 1198 4136 sed
1225 4098 1260 4135 ex
1285 4083 1382 4153 gratia

335 4165 463 4235 speciali.
509 4164 595 4230 Item,
627 4164 665 4218 ad
695 4163 908 4219 coronationem
937 4162 1026 4235 hujus
1057 4164 1149 4236 Regis
1179 4172 1299 4221 vocatus
1329 4183 1382 4238 per

336 4247 456 4313 litteras,
490 4254 524 4303 ut
547 4249 574 4302 ei
608 4247 795 4320 praesentiam
822 4245 1007 4302 amicabilem
1043 4247 1075 4302 in
1107 4248 1197 4303 tantis
1230 4247 1381 4305 solemniis

336 4333 444 4388 amicus
468 4332 626 4397 exhiberet,
650 4350 708 4388 non
730 4332 813 4386 venit
833 4347 868 4385 ex
885 4330 992 4395 debito,
1013 4331 1064 4386 sed
1083 4349 1118 4386 ex
1136 4333 1232 4403 gratia
1251 4333 1381 4403 speciali.

336 4413 419 4483 Item,
450 4434 504 4488 pro
532 4416 620 4472 terris
650 4417 687 4471 de
711 4415 841 4487 Tyndale
869 4421 900 4470 et
925 4414 1063 4482 Penreth,
1090 4417 1122 4470 in
1147 4433 1237 4487 regno
1264 4416 1381 4489 Anglioe

1198 4639 1379 4654 m

368 4798 375 4830 ¹
392 4798 767 4866 Byninguloriuadvertencc,
779 4797 829 4849 this
880 4799 907 4847 in
920 4799 963 4848 the
979 4799 1079 4865 printed
1095 4806 1169 4864 texts
1187 4801 1215 4851 iu
1231 4803 1383 4869 Rishanges,

339 4882 403 4930 sord
424 4897 529 4946 appears
551 4880 578 4930 iu
601 4881 644 4930 the
667 4879 775 4945 original
803 4894 830 4929 as
880 4879 1286 4947 anulis.13io1.1³eg.1ouix.

333 4958 377 5018 ser
404 4959 436 5024 sit
461 4959 571 5011 raudus.-
603 4960 624 5011 it
641 4959 664 5011 is
687 4957 832 5010 smila
914 4957 1054 5010 ²Omitted
1066 4958 1092 5009 in
1105 4959 1236 5013 camden’s
1246 4969 1308 5014 text
