3750 6250
652 1088 817 1140 maronis
838 1088 1044 1139 maurosus.
1309 1076 1372 1141 239

272 1277 354 1332 rl.“
373 1276 499 1348 anglia,
513 1274 618 1331 edDe1
630 1274 746 1330 landem
754 1280 784 1330 et
795 1275 928 1345 gloriam
943 1275 1081 1329 Ecclesia
1094 1273 1252 1331 Catholicae
1263 1291 1373 1346 pacem,
1388 1275 1454 1325 Α..Ι)
1467 1278 1537 1324 1341.

336 1364 406 1417 “et
422 1361 506 1431 regni
532 1360 670 1432 quietem,
697 1359 818 1431 provide
843 1365 911 1414 sunt
936 1376 1088 1424 concessas,
1115 1364 1146 1414 et
1170 1359 1207 1414 ab
1224 1358 1376 1430 Archiepi-

272 1427 300 1530 ἱ
336 1448 355 1474 “
375 1445 470 1516 scopis
488 1450 519 1500 et
535 1443 689 1515 Episcopis
715 1443 786 1498 dicti
805 1443 898 1513 regni,
919 1443 1168 1507 excommunicati,
1188 1443 1376 1498 anathemati·

272 1513 312 1583 .’
335 1532 355 1558 ⁴⁶
374 1529 443 1593 reti,
461 1534 492 1583 et
508 1546 527 1584 a
542 1528 694 1584 liminibus
713 1526 826 1582 Sanctae
843 1526 949 1582 Matris
966 1526 1105 1583 Ecclesiae
1123 1527 1242 1582 fuerunt
1259 1545 1377 1598 seques·

335 1616 355 1641 ‘⁶
374 1613 453 1678 uati,
466 1613 518 1684 qui
535 1618 602 1683 post
617 1611 830 1667 concessionem
841 1610 927 1665 dictur
939 1610 1055 1666 Chartae
1066 1610 1215 1666 libertates
1228 1617 1259 1667 et
1269 1612 1376 1667 liberes

335 1698 355 1726 “
374 1695 597 1752 consuetudines
624 1697 655 1752 iu
678 1696 743 1765 ipse
767 1700 797 1748 et
814 1695 846 1749 in
863 1692 972 1750 Charta
989 1694 1025 1748 da
1042 1694 1164 1750 Foresta
1181 1700 1329 1751 contentas
1347 1701 1378 1749 et

334 1781 355 1808 “
373 1797 524 1836 concessas
542 1778 683 1835 Ecclesiae
700 1778 880 1848 anglicana,
901 1795 1073 1848 quecunque
1098 1784 1160 1834 arte
1181 1778 1229 1835 vel
1258 1779 1376 1850 ingenio

333 1864 548 1920 “violaverint
571 1869 602 1920 et
624 1862 808 1933 infregerint,
834 1860 1033 1927 diminuerint,
1065 1880 1117 1919 seu
1146 1862 1375 1926 ¹imminuerint,

333 1950 353 1975 ‘¹
371 1947 448 2004 olem
467 1946 516 2006 vel
536 1945 642 2017 palam,
665 1946 751 2009 facto,
771 1945 869 2010 verbo,
890 1945 938 1999 vel
956 1946 1086 2011 consilio,
1106 1953 1207 2002 contre
1232 1947 1308 2011 illes,
1329 1945 1376 2001 vel

333 2034 354 2059 “
372 2030 490 2088 illerum
513 2030 642 2100 aliquem
672 2029 704 2084 in
735 2046 907 2099 quocunque
934 2029 1060 2085 articulo
1083 2036 1192 2085 temero
1216 2029 1374 2086 veniendo:

333 2116 353 2144 ‘⁶
373 2113 560 2187 quamplures
572 2112 760 2170 nihilominus
778 2112 996 2183 praemissorum
1007 2111 1125 2169 ²contre
1135 2114 1229 2170 diotae
1249 2114 1374 2177 chartas,

333 2200 353 2226 “
372 2198 532 2263 libertates,
557 2204 587 2253 ot
616 2197 723 2254 liberas
754 2196 987 2262 consuetudines,
1012 2197 1044 2254 in
1072 2198 1180 2254 chartis
1209 2197 1376 2268 hujusmodi

332 2284 353 2310 “
371 2298 533 2348 concessas,
558 2279 658 2338 venire
687 2286 797 2336 temere
823 2281 887 2352 jam
916 2286 1064 2347 conantur,
1090 2289 1121 2338 et
1144 2299 1193 2338 aas
1217 2283 1377 2353 infringere

333 2369 353 2394 ‘⁸
370 2364 487 2438 ⁸plures
505 2371 574 2422 sunt
590 2365 802 2430 moliti-Nos,
816 2365 947 2435 ipsorum
958 2384 1047 2422 ausus
1059 2366 1196 2423 nefandos
1214 2367 1377 2439 opprimere

333 2452 354 2477 ‘⁸
371 2450 531 2522 cupientes,
551 2466 585 2505 ee
609 2448 736 2505 velatam
762 2449 956 2520 ignorantiam
980 2456 1011 2506 et
1037 2455 1181 2521 captatam
1208 2450 1320 2521 fugare,
1341 2449 1377 2504 cd

333 2536 353 2562 ‘⁶
372 2533 502 2589 omnium
512 2533 647 2590 notitiem
664 2532 840 2589 deducentes
857 2533 1018 2603 premissa,
1037 2551 1187 2589 monemus
1205 2534 1236 2589 in
1254 2533 1377 2605 ‘genere

333 2619 354 2645 “
372 2634 473 2674 omnes
496 2623 528 2674 et
550 2616 682 2689 singulos
710 2618 761 2687 qui
787 2623 888 2673 contra
914 2618 1066 2689 praemisse
1090 2618 1214 2674 fecerint
1229 2619 1262 2673 in
1279 2619 1377 2690 aliquo

333 2704 354 2730 ‘⁴
372 2702 571 2773 quovismodo,
590 2708 643 2759 eut
665 2707 766 2757 contra
791 2701 884 2758 dictes
909 2702 1035 2766 omnes,
1061 2702 1109 2759 vel
1127 2720 1228 2757 earum
1245 2703 1375 2768 alteram,

334 2788 354 2814 ‘⁶
373 2791 483 2844 rama
513 2784 667 2851 ediderint,
693 2784 742 2839 vel
766 2784 846 2841 edite
870 2785 1059 2850 servaverint,
1086 2787 1308 2842 consuetudines
1334 2788 1376 2842 in·

334 2872 354 2900 “
372 2870 565 2935 uoduxerint,
596 2869 644 2925 vol
674 2869 855 2929 servaverint
883 2869 1071 2935 introductas,
1104 2872 1260 2941 scriptores
1289 2873 1378 2927 etiem

334 2956 354 2983 “
372 2959 558 3018 attetutorum,
577 2970 688 3009 necnon
711 2952 892 3008 consiliarios
917 2960 947 3009 et
964 2961 1140 3019 executores,
1161 2961 1191 3010 et
1208 2955 1259 3026 qui
1277 2973 1376 3010 secun·

334 3041 354 3070 ‘⁸
372 3037 444 3094 dum
461 3054 497 3093 ea
513 3036 753 3108 presumpserint
774 3035 916 3107 judicare,
944 3038 1021 3107 quod
1046 3038 1142 3094 debito
1169 3040 1376 3109 recorrigant,

334 3125 404 3179 “et
426 3120 641 3177 ordinariorum
673 3120 794 3176 arbitrio
826 3119 911 3192 plene
944 3121 1127 3178 satisfaciant
1152 3121 1189 3177 de
1215 3123 1377 3180 commissis

335 3209 355 3235 “
373 3205 451 3262 inira
468 3205 635 3276 quindecim
652 3205 725 3270 dies,
745 3211 910 3277 atempore
935 3206 1101 3262 monitionis
1119 3213 1225 3263 nostra
1244 3209 1378 3263 conunue

335 3292 355 3318 “
372 3288 584 3355 numerandos3
611 3306 684 3360 quos
701 3307 759 3345 non
776 3296 921 3361 parentes,
942 3307 977 3346 ax
994 3296 1064 3347 tunc
1082 3292 1113 3346 in
1130 3291 1238 3347 dictam
1255 3292 1377 3362 Majoris

336 3376 355 3402 “
373 3373 687 3431 &communicationis
718 3375 899 3439 sententiam,
937 3393 990 3446 per
1028 3375 1229 3431 innocentium
1267 3377 1378 3448 Papam

335 3459 355 3487 ‘⁴
373 3455 516 3527 Quartum
533 3474 569 3512 ex
586 3463 667 3513 certa
684 3457 806 3514 scientia
822 3458 1029 3525 confirmatam,
1043 3460 1250 3517 denunciamus
1262 3462 1378 3532 publica

335 3543 355 3571 ‘⁶
373 3547 404 3597 et
421 3539 589 3597 solemniter
606 3541 752 3597 incidisse.

369 3627 390 3653 “
400 3625 485 3689 Item,
498 3641 598 3680 omnes
610 3630 641 3679 et
652 3625 793 3696 singulos,
807 3625 858 3696 qui
869 3625 906 3680 de
919 3626 1061 3693 domibus,
1075 3630 1222 3696 maneriis,
1236 3633 1377 3703 grangiis,

336 3709 355 3736 ‘⁶
373 3707 503 3765 antiocia
512 3708 588 3773 aliis,
602 3708 639 3763 sd
651 3708 901 3781 archiepiscopos,
915 3710 1083 3782 Episcopos,
1098 3713 1146 3768 vel
1157 3715 1230 3770 alies
1241 3733 1378 3786 personas

336 3793 356 3821 ‘⁴
373 3791 596 3857 wolesiesticas,
627 3793 849 3863 pertinentibus,
884 3795 1041 3865 quicquam
1065 3804 1171 3867 praeter
1200 3800 1378 3856 voluntatem

336 3878 355 3903 ‘¹
374 3876 565 3940 dominorum,
585 3876 633 3932 vel
652 3893 753 3931 eorum
771 3878 822 3947 qui
841 3883 910 3933 sunt
926 3879 1094 3951 hujusmodi
1119 3900 1218 3938 rernm
1244 3887 1378 3941 custodes

337 3961 356 3986 '‘
373 3958 526 4031 deptuteti,
558 3960 734 4025 abstrahere,
765 3978 878 4032 cepere,
909 3980 1087 4031 consumere,
1119 3966 1167 4022 vel
1201 3976 1378 4025 contrectare

336 4043 622 4114 “presumpserint
648 4045 723 4115 cepi,
748 4046 889 4111 consumi,
913 4064 966 4103 sen
990 4052 1163 4106 contrectari
1181 4052 1311 4120 fecerint,
1331 4052 1379 4109 vel

337 4127 541 4198 “hujusmodi
573 4128 806 4193 abstractionem,
837 4132 1009 4200 captionem,
1041 4137 1297 4207 consumptionem,
1328 4143 1379 4192 aut

337 4212 356 4239 '⁸
373 4212 607 4276 wutrectionem,
634 4230 687 4268 sno
713 4213 837 4278 nomine,
864 4214 911 4270 vel
929 4233 948 4271 a
965 4217 1157 4275 familiaribus
1182 4221 1244 4275 suis
1262 4222 1377 4285 factem,

336 4296 356 4321 “
373 4302 468 4350 ratam
502 4294 666 4359 habuerint,
703 4296 907 4352 ecclesiastic·
943 4298 1087 4357 libertatis
1123 4308 1152 4357 et
1187 4304 1378 4359 immunitatis

337 4379 356 4404 “
374 4378 529 4436 violatores
541 4379 676 4443 existere,
690 4386 721 4435 et
731 4380 1047 4441 Excommnnicationis
1064 4385 1186 4456 Majoris
1205 4388 1378 4442 sententiam

337 4463 356 4488 ‘⁴
373 4468 474 4520 conus
497 4463 653 4519 violatores
671 4463 840 4520 libertatum
857 4465 997 4524 Ecclesia
1021 4469 1053 4524 in
1076 4469 1207 4525 Ooncilio
1223 4470 1379 4527 Oxoniensi

338 4547 357 4572 “
374 4545 472 4611 latam,
487 4545 551 4617 ipso
563 4547 639 4602 lacto
658 4546 806 4603 incurrere
824 4548 1031 4607 denunciamus
1044 4553 1159 4623 publice
1171 4559 1201 4609 et
1212 4555 1379 4612 solemniter

338 4630 357 4655 “
374 4628 406 4684 in
422 4629 481 4685 biis
499 4630 626 4701 scriptis.

342 4781 552 4790 --·—-——--
575 4784 613 4789 ---
624 4784 677 4790 --.
691 4785 713 4791 .-
728 4785 783 4791 η...-
834 4786 855 4792 .,.
870 4787 916 4792 .....
931 4786 1093 4793 .--—---.--

1095 4788 1317 4799 -—-·——.-
1350 4794 1375 4800 ,,

369 4882 631 4945 smnus
643 4888 699 4935 ssa.
917 4889 1039 4952 *pamm
1051 4887 1200 4953 Harl655;
1217 4893 1377 4960 byinsdrer·

368 4961 631 5028 ’mipsuricoutrm
644 4962 715 5014 Harl.
729 4969 784 5013 6⁵5.
882 4973 959 5017 tenco.

368 5041 378 5070 ⁸
384 5040 493 5106 pluas,
505 5041 577 5092 nul.
589 5047 645 5092 655.
