3750 6250
521 1078 563 1142 36
854 1090 984 1140 nicus
1005 1087 1239 1139 usnsrnunan

355 1277 544 1329 A·D·12⁹1·“
563 1279 729 1335 willelmus
747 1278 783 1333 ‹le
801 1277 871 1343 Ros,
891 1277 1016 1333 salutem
1034 1278 1065 1333 iu
1083 1277 1216 1333 Domino.
1261 1275 1337 1333 Cum
1356 1293 1410 1333 uos
1427 1276 1459 1332 in
1474 1293 1570 1349 regno
1581 1280 1690 1397 Ἢ

525 1370 542 1393 “
563 1363 668 1419 Scotiae
691 1364 742 1435 jus
769 1363 876 1417 habere
901 1362 1063 1425 credamus,
1092 1368 1122 1417 et
1143 1362 1194 1431 jus
1219 1360 1293 1416 illud
1320 1378 1419 1417 coram
1437 1360 1491 1416 illo
1517 1346 1641 1432 quius·

525 1453 543 1474 ‘⁴
563 1449 704 1519 potiorem
729 1446 817 1502 habet
834 1451 1016 1517 potestatem,
1042 1445 1285 1515 jurisdictionem,
1314 1451 1346 1500 et
1361 1444 1505 1500 rationem
1521 1461 1571 1500 ex·
1582 1413 1690 1532 {me

525 1535 543 1559 ‘⁶
563 1532 708 1587 eminendi
718 1531 769 1601 jus
781 1539 912 1585 nostrum
924 1529 1022 1593 hebet,
1037 1528 1194 1593 declarare,
1207 1528 1372 1592 vendicare,
1387 1535 1418 1584 et
1434 1528 1569 1601 probare,
1583 1548 1648 1598 110.

525 1621 543 1643 ‘⁶
563 1615 764 1682 intendamus;
791 1614 955 1684 nobilisque
973 1613 1122 1684 Princeps,
1152 1612 1294 1669 Dominus
1321 1612 1493 1679 Edwardus,
1513 1609 1570 1667 Dei
1582 1614 1686 1680 ΒΜ.

525 1700 660 1771 “gratia
680 1700 742 1754 Rex
768 1699 894 1769 Anglim,
922 1697 1082 1770 perbonas
1108 1696 1339 1769 sufficientssque
1363 1697 1492 1752 rationes
1517 1713 1571 1751 noa

525 1788 543 1810 “
563 1783 772 1847 informaverit,
793 1781 872 1853 qnod
889 1781 927 1836 ad
945 1798 1012 1836 cum
1031 1786 1151 1853 spectat,
1165 1787 1196 1836 et
1206 1781 1314 1835 babere
1326 1780 1421 1860 debet,
1436 1781 1571 1851 superius

525 1872 543 1894 ‘⁶
562 1867 723 1922 dominium
753 1867 837 1937 regni
865 1865 980 1929 Scotim,
1012 1871 1043 1921 et
1068 1866 1263 1938 cognitionem
1289 1866 1321 1919 iu
1346 1863 1501 1929 audiendo,
1524 1881 1573 1919 ex·

525 1955 543 1978 “
563 1951 725 2016 eminendo,
740 1957 769 2006 et
781 1949 955 2014 diffiniendo,
966 1951 1017 2021 jus
1029 1955 1178 2004 nostrum:
1197 1967 1259 2014 nos,
1285 1949 1321 2004 de
1338 1948 1457 2021 propria
1473 1955 1574 2004 nostra

525 2039 544 2062 ‘⁶
563 2035 722 2098 voluntate,
750 2035 811 2089 aine
830 2035 908 2089 omni
927 2032 1066 2088 violentia
1083 2041 1114 2088 et
1130 2033 1287 2098 coactione,
1305 2033 1452 2097 volumus,
1472 2033 1574 2087 annui·

525 2123 544 2146 “
564 2137 640 2182 mus,
663 2124 693 2173 et
710 2117 904 2181 concedimus,
924 2125 959 2171 nt
976 2118 1152 2187 recipiamus
1171 2116 1222 2187 jus
1241 2133 1338 2172 coram
1361 2133 1405 2181 eo,
1433 2122 1573 2188 tanquam

526 2208 544 2229 “
565 2203 707 2273 superiori
727 2202 844 2256 domino
870 2208 966 2256 terere.
1003 2201 1148 2256 Volumus
1171 2201 1291 2272 insuper
1308 2205 1339 2256 et
1364 2202 1572 2272 promittimus,

526 2290 544 2313 ‘⁶
566 2286 644 2357 quod
670 2286 842 2340 habebimus
872 2291 902 2340 et
927 2286 1091 2340 tenebimus
1119 2286 1237 2339 firmum
1268 2293 1299 2340 et
1327 2283 1432 2340 stabile
1462 2285 1573 2340 factum

527 2373 546 2397 “
567 2388 662 2433 suum,
683 2376 713 2424 et
731 2368 809 2439 qnod
827 2369 877 2423 illo
895 2368 1015 2423 habebit
1032 2365 1167 2439 reguum,
1187 2369 1234 2423 cui
1252 2385 1349 2424 eoram
1364 2385 1398 2423 eo
1412 2368 1464 2439 jus
1476 2369 1573 2439 potius

527 2457 545 2480 ‘⁶
566 2454 640 2509 illud
658 2453 747 2507 dabit.
786 2453 822 2507 lu
842 2453 1043 2508 testimonium
1063 2454 1196 2517 istorum,
1221 2470 1274 2507 nos
1298 2452 1406 2508 litteris
1430 2452 1498 2508 istis
1525 2469 1574 2523 ep·

525 2541 544 2565 ‘⁶
563 2538 714 2609 posuimus
734 2537 834 2608 sigilla
851 2543 959 2592 nostra.
1000 2536 1093 2592 ¹Date
1110 2537 1188 2610 apud
1205 2535 1376 2602 ’Nerthum
1396 2536 1471 2592 seris
1487 2536 1575 2592 tertia

526 2623 546 2650 “
566 2627 635 2693 post
651 2620 871 2684 Ascensionem,
885 2620 962 2676 etc.”

356 2708 511 2760 'Ibecaatlea
557 2704 649 2761 Facta
681 2704 779 2775 itaque
806 2705 1003 2776 recognitione
1030 2704 1188 2777 superioris
1214 2704 1361 2770 ’dominii
1394 2707 1425 2760 et
1452 2702 1575 2759 submis-

354 2776 510 2854 0fss⁰⁰2¹⁸¹¹d
523 2788 604 2844 sione
621 2788 780 2859 recipiendi
792 2788 869 2859 quod
889 2807 987 2844 coram
999 2788 1081 2860 Rege
1097 2789 1214 2860 Angliae
1229 2789 1297 2859 jure
1309 2787 1398 2843 fuerit
1409 2786 1573 2851 diffinitum,

355 2844 473 2960 Jfflff
522 2872 627 2944 petivit
644 2872 707 2927 Rex
724 2878 820 2927 castra
837 2878 867 2927 et
883 2878 992 2928 terram
1010 2879 1101 2928 toturn
1118 2873 1175 2928 sibi
1192 2872 1284 2938 reddi,
1303 2878 1338 2927 ut
1356 2889 1409 2943 per
1429 2871 1574 2942 aeysinam

356 2976 445 3026 Μ’,
524 2955 674 3028 pacificam
688 2955 740 3026 jus
768 2957 926 3026 superioris
953 2956 1083 3021 dominii,
1109 2956 1187 3028 quod
1209 2956 1273 3027 jam
1289 2974 1342 3028 per
1368 2973 1436 3011 suas
1460 2955 1573 3011 litteras

354 3041 430 3093 hand.
522 3044 761 3110 recognoverant,
792 3039 916 3095 clareret
944 3040 1099 3095 universis.
1152 3040 1326 3096 Aunueruut
1359 3040 1459 3095 statim
1483 3039 1574 3109 regim

523 3123 674 3196 petitioni;
701 3123 839 3179 conlectis
864 3142 952 3197 super
975 3125 1030 3180 hoc
1053 3125 1169 3190 litteris,
1195 3131 1225 3180 et
1248 3125 1284 3180 ab
1308 3122 1416 3180 eisdem
1440 3122 1572 3195 signatis,

521 3207 734 3263 continentibus
747 3209 777 3262 in
790 3207 911 3273 Gallico,
925 3210 1002 3264 sicut
1019 3209 1130 3280 priores
1142 3209 1258 3274 litterae,
1271 3208 1348 3264 buno
1365 3215 1495 3264 tenorem
1503 3205 1558 3262 :⁴-

355 3295 476 3346 Iaetterin
559 3291 731 3346 “Omnibus
754 3300 911 3363 praesentes
935 3294 1050 3348 litteras
1074 3293 1183 3348 visuris
1206 3293 1254 3347 vel
1277 3290 1431 3358 audituris,
1456 3290 1654 3356 Horon-n„

354 3362 479 3413 “fem
524 3375 624 3431 “tius
651 3376 758 3430 Comes
786 3376 950 3440 Holoudioe,
978 3376 1123 3433 Robertns
1157 3378 1185 3433 le
1210 3376 1288 3432 Brus
1315 3376 1458 3431 Dominus
1478 3373 1574 3432 Vallia
1587 3370 1690 3439 ΒΜ,

354 3428 457 3481 ‘lm-
525 3462 544 3486 “
564 3459 714 3522 ananum,
744 3459 891 3514 iohannes
918 3460 954 3514 ua
975 3460 1100 3515 astrion
1124 3461 1267 3516 eominus
1286 3459 1447 3524 Galwidtae,
1469 3458 1575 3515 tonan-
1623 3442 1679 3490 ⁷⁵⁵·

525 3547 543 3570 “
562 3560 614 3597 nes
627 3542 662 3596 dc
675 3543 857 3613 Hestingges
877 3543 1020 3599 Dominus
1039 3545 1278 3614 Aberguvenniae,
1298 3544 1445 3600 Johauncs
1463 3543 1577 3614 Ocmyn
1657 3505 1690 3557 “h

525 3631 543 3653 “
564 3625 706 3680 Dominus
725 3627 761 3680 do
783 3627 937 3691 Badenaw,
955 3628 1101 3683 Patricius
1114 3629 1149 3683 dc
1162 3628 1284 3683 Duubar
1302 3628 1406 3684 Comes
1424 3627 1573 3691 Marchiae,

524 3713 543 3736 ‘¹
564 3709 713 3765 Johaunes
744 3710 779 3764 do
809 3711 908 3775 Vesci,
931 3712 996 3766 vice
1026 3713 1118 3784 patris
1149 3713 1204 3777 sui,
1236 3712 1397 3767 Nicholaus
1421 3711 1457 3767 de
1478 3711 1573 3775 Sulca,

525 3798 543 3819 “
563 3793 730 3848 Willolmus
749 3794 784 3848 do
803 3794 872 3860 Ros,
899 3795 1024 3851 salutern
1051 3797 1082 3851 in
1100 3796 1233 3852 Domino.
1271 3795 1347 3866 Quia
1372 3796 1408 3851 de
1429 3795 1505 3851 bona
1522 3812 1571 3850 vo-

525 3881 544 3902 “
564 3876 674 3931 lentato
704 3883 803 3932 nostru
832 3885 862 3933 et
887 3881 1034 3934 communi
1061 3898 1190 3945 assensu,
1218 3881 1280 3935 sine
1305 3879 1383 3935 omni
1416 3879 1572 3942 coactione,

525 3964 543 3988 ‘⁶
564 3961 718 4015 annuimus
737 3969 766 4017 et
784 3964 980 4018 concessimus
998 3964 1088 4018 nobili
1109 3965 1239 4036 Principi
1264 3963 1388 4019 Domino
1420 3961 1572 4026 Eduardo,

525 4049 543 4071 “
564 4045 619 4099 Dei
638 4044 734 4115 gratis
752 4045 828 4115 Regi
846 4046 972 4116 Anglim,
993 4047 1071 4118 qnod
1088 4047 1160 4118 ipsc,
1177 4054 1314 4119 tauquam
1332 4047 1465 4119 superior
1483 4045 1573 4101 domi·

525 4133 543 4155 ¹‘
563 4147 618 4183 nus
649 4136 735 4184 terrm
767 4128 881 4193 Scotire,
913 4131 1007 4201 possit
1036 4132 1146 4196 audire,
1185 4132 1357 4195 examinare,
1384 4137 1415 4186 et
1439 4129 1572 4194 diffinire,

525 4217 544 4239 ‘⁴
564 4211 778 4267 vendicationes
808 4221 932 4278 nostrus,
966 4221 996 4269 ct
1020 4215 1192 4285 'petitiones
1221 4234 1293 4286 ques
1318 4214 1496 4270 intendimus
1529 4231 1573 4268 os-

526 4295 683 4352 “tendere
711 4302 741 4350 et
758 4296 889 4368 probare,
919 4316 973 4368 pro
996 4298 1064 4369 jure
1089 4307 1188 4354 nostro
1214 4298 1380 4370 recipiendo
1404 4315 1503 4354 coram
1527 4314 1571 4361 eo,

525 4386 543 4407 ‘⁴
564 4388 701 4451 tauquam
720 4381 862 4452 superiori
882 4381 998 4436 domino
1016 4388 1111 4448 terrm,
1131 4384 1333 4454 promittentes
1359 4382 1478 4452 insuper
1496 4379 1574 4453 quod

525 4468 543 4491 ‘⁴
564 4465 672 4520 sactum
691 4482 776 4518 suum
801 4464 972 4520 habebimus
991 4467 1109 4521 firmum
1127 4474 1157 4522 et
1174 4466 1286 4532 stabile,
1306 4472 1337 4521 et
1354 4465 1432 4537 quod
1449 4465 1500 4520 ille
1525 4465 1573 4520 ob-

525 4552 543 4576 “
562 4549 668 4604 tinebit
686 4566 810 4619 regnum
826 4548 942 4614 Scotim,
957 4550 1041 4620 eujus
1057 4551 1107 4622 jus
1119 4552 1218 4622 potius
1236 4550 1401 4606 declaratur
1413 4566 1511 4605 coram
1528 4566 1571 4604 eo.

556 4730 1021 4799 ¹“FeretdmeaNortamJeMardy
1110 4733 1215 4784 ’domini
1223 4733 1250 4783 iu
1262 4732 1305 4784 the
1315 4731 1415 4799 printed
1422 4738 1498 4784 texts.

522 4816 537 4840 “
546 4811 662 4876 praetem
678 4828 752 4877 apres
768 4811 789 4862 le
808 4814 950 4874 Assessimr,
971 4813 1020 4865 dan
1110 4811 1574 4877 ‘Amtrieirhereinutsdupart

522 4897 537 4921 ¹⁶
548 4889 577 4938 de
590 4906 671 4956 praee,
680 4891 802 4943 nccxcr.”
811 4892 873 4942 Neu
884 4893 988 4958 Rymer,
1000 4894 1020 4944 Ι.
1076 4894 1107 4943 of
1119 4894 1161 4944 the
1172 4900 1243 4944 text:
1260 4891 1385 4944 “Littera
1400 4891 1501 4941 mr'einoe
1509 4891 1574 4941 dote

522 4985 546 5034 p.
561 4973 616 5020 755.
1076 4972 1168 5039 “Beqi
1178 4968 1573 5038 ‹indidemne-modeste?

554 5047 714 5100 *Nominat
725 5048 753 5099 lu
764 5050 807 5101 the
819 5050 918 5116 printed
929 5059 1003 5103 texts.
1108 5050 1522 5118 *Onitedlnttapmetm
