3750 6250
705 1098 870 1149 msroau
884 1097 1091 1149 assuctus
1363 1088 1424 1151 381

282 1277 348 1329 Bibl.
377 1291 474 1339 rentes
491 1283 606 1340 litteras
618 1284 719 1339 decem
737 1284 868 1354 signatas
886 1283 1006 1355 sigillis,
1019 1288 1152 1354 petentes
1164 1288 1195 1339 et
1210 1283 1269 1355 ipsi
1287 1282 1428 1339 auxilium
1441 1282 1509 1335 AD.
1524 1288 1595 1336 1378.

287 1350 319 1394 13

377 1369 511 1439 praestari
539 1369 753 1433 cardinalibus,
779 1368 941 1439 allegantes
971 1368 1088 1424 fortiter
1115 1385 1169 1440 pro
1199 1368 1319 1424 eisdem.
1369 1367 1428 1423 Sed
1441 1374 1546 1439 Envoys

282 1449 287 1462 '
378 1452 502 1507 Domino
520 1452 583 1507 Deo
601 1453 726 1517 favente,
747 1451 799 1523 qui
818 1458 923 1508 cuncta
936 1452 1018 1524 juste
1037 1450 1209 1524 ‘disposuit
1227 1452 1342 1524 repulsi
1360 1458 1429 1507 sunt
1441 1441 1494 1490 ⁸¹⁸⁰
1504 1449 1561 1492 ⁸0¹¹*

377 1536 540 1608 apostatici,
567 1541 598 1590 et
617 1536 739 1591 admissi
762 1535 896 1606 Papales,
920 1536 1155 1607 promissumque
1183 1535 1346 1591 subsidium
1371 1508 1567 1640 Doggpffing

377 1621 456 1674 mino
469 1620 557 1691 Papa>
575 1626 725 1691 gratanter
743 1638 831 1691 quam
851 1620 910 1674 cito
928 1627 1045 1692 tempus
1063 1620 1196 1689 exigeret
1209 1626 1414 1691 opportunum.
1442 1641 1581 1692 emim

413 1704 631 1760 cantuariensis
658 1722 762 1775 nempe
789 1703 1047 1776 Arehiepiscopus,
1072 1704 1254 1775 perpendens
1280 1705 1427 1776 publicam
1441 1732 1588 1784 Themi,

376 1787 535 1843 falsitatem
553 1795 583 1842 et
603 1806 731 1844 errorem
749 1788 936 1843 manifestum
954 1804 1007 1859 per
1019 1788 1129 1858 scripta
1140 1788 1307 1853 eoumdem,
1327 1788 1358 1842 in
1370 1806 1428 1858 quo
1440 1798 1530 1865 bichop
1541 1802 1573 1850 of

376 1871 455 1926 idem
485 1872 655 1928 Gardinales
684 1871 847 1927 voluntarie
871 1872 1073 1937 versabantur,
1106 1877 1136 1927 et
1162 1889 1299 1927 execrans
1326 1889 1426 1927 eorum
1441 1866 1544 1917 Cimbr-

376 1962 459 2011 actus
477 1956 633 2011 sceleratos
651 1956 848 2020 vehementer,
869 1955 976 2027 spiritu
994 1954 1051 2009 Dei
1073 1955 1170 2011 subito
1190 1956 1329 2026 agitatus,
1349 1956 1428 2027 cepit
1440 1932 1505 1996 b¹¹¹7
1513 1999 1529 2048 h

376 2038 431 2093 hoc
455 2040 619 2103 thema,—“
632 2038 735 2094 'Unus
762 2040 819 2093 erit
848 2045 950 2109 pastor
978 2038 1109 2094 noster.”
1156 2039 1234 2094 Nam
1258 2040 1371 2095 invenit
1396 2040 1426 2093 in
1439 2013 1588 2129 mmmm,

377 2140 477 2177 eorum
504 2123 612 2179 litteris
639 2122 810 2178 electionem
840 2122 948 2177 factam
977 2122 1014 2178 de
1041 2123 1094 2178 illo
1117 2122 1296 2194 Apostolioo‚
1325 2130 1356 2179 et
1385 2124 1426 2178 ita
1439 2140 1550 2196 apostate

376 2204 540 2261 luculenter
565 2206 683 2261 illorum
708 2207 815 2277 populo
840 2205 1001 2264 declaravit
1027 2224 1166 2271 errorem,
1198 2212 1229 2262 et
1254 2224 1307 2277 per
1333 2207 1427 2261 multu
1440 2198 1577 2253 Cardin-²¹⁸·

376 2295 557 2359 argumenta,
579 2297 609 2345 et
629 2290 777 2361 praecipue
796 2306 969 2361 percorum
990 2288 1069 2345 dicta
1086 2291 1213 2362 propria,
1240 2296 1275 2345 ut
1291 2291 1425 2345 omnibus

376 2379 523 2427 constaret
539 2373 657 2427 illorum
675 2372 797 2437 malitia,
818 2379 848 2428 et
866 2390 949 2427 error
967 2373 1129 2429 innotescat
1147 2373 1334 2429 execrandus.

410 2456 523 2510 Aberat
553 2463 622 2510 tuuc
650 2454 791 2527 ³quidam
816 2472 832 2510 e
863 2455 1079 2521 cardinalibus,
1109 2458 1160 2528 qui
1188 2457 1334 2528 quondam
1364 2457 1425 2512 fue·
1439 2480 1553 2534 condus

375 2545 422 2594 rut
439 2539 646 2594 Ambianensis
670 2539 844 2610 Episcopus,
861 2539 949 2611 jussu
970 2540 1144 2596 veneraudae
1169 2540 1318 2596 memoriae
1336 2540 1423 2611 Papae
1438 2550 1468 2597 of
1475 2548 1518 2598 the

376 2621 513 2692 Gregorii
541 2622 712 2694 supradicti,
732 2621 770 2676 ad
788 2622 948 2678 sedandum
968 2623 1109 2693 quasdam
1130 2624 1326 2679 dissensiones
1347 2624 1425 2695 apud
1437 2614 1593 2747 leasserdfflop

375 2705 478 2775 Pysas,
499 2724 564 2776 quoe
582 2713 653 2761 ortae
672 2707 788 2761 fueraut
811 2707 888 2761 iuter
906 2707 1017 2778 Papam
1036 2715 1066 2762 et
1083 2709 1162 2762 cives
1181 2707 1313 2779 ejusdem
1332 2708 1422 2762 urbis.
1437 2748 1585 2809 ommim

375 2788 442 2857 Qui,
467 2790 567 2845 audito
591 2789 627 2844 de
659 2795 752 2845 morte
780 2790 868 2861 Papoe
894 2790 1042 2862 Gregorii,
1073 2798 1103 2847 et
1126 2792 1162 2847 de
1186 2792 1327 2846 electione
1350 2809 1425 2846 nova
1438 2829 1470 2861 0„
1483 2815 1526 2864 the

374 2873 459 2937 facta,
485 2879 555 2928 tunc
581 2873 700 2944 quidem
721 2874 830 2928 ibidem
848 2875 957 2929 morari
977 2874 1118 2938 decrerit,
1144 2874 1234 2929 donec
1258 2892 1334 2929 nova
1350 2875 1423 2929 reci·
1438 2881 1513 2930 death
1526 2882 1557 2931 of

372 2963 456 3027 peret
468 2974 486 3011 a
497 2958 637 3012 fratribus
650 2964 701 3011 aut
710 2976 728 3010 a
740 2957 829 3027 Papa.
868 2956 952 3025 Quod
965 2963 994 3012 et
1006 2958 1117 3012 factum
1135 2964 1189 3012 est.
1229 2956 1288 3012 Sed
1306 2975 1340 3011 ex
1358 2965 1425 3029 post
1438 2946 1506 3011 P⁰P⁰

372 3041 402 3093 in
426 3041 509 3095 brevi
536 3042 668 3113 apicibus
687 3042 799 3096 accitus
817 3041 1006 3112 Apostolicis,
1035 3042 1203 3112 properavit
1228 3040 1265 3094 ad
1292 3040 1421 3104 Curiam,
1436 3012 1552 3130 &3⁰¹5

370 3123 514 3180 mandatis
545 3125 703 3196 Papalibus
733 3126 892 3196 pariturus.
943 3125 1015 3180 Post
1045 3126 1129 3195 eujus
1160 3123 1327 3190 adventum,
1356 3143 1423 3180 eum
1436 3117 1483 3221 Th'

369 3226 462 3262 novus
481 3208 617 3263 Pontifex
635 3210 774 3263 intrasset
792 3208 1015 3273 Gousistorium,
1030 3209 1120 3279 eoepit
1138 3208 1234 3262 ethice
1248 3214 1374 3262 tractare
1387 3209 1423 3261 de
1436 3188 1560 3301 poam

370 3293 481 3356 multis,
495 3298 526 3347 et
544 3293 621 3347 inter
638 3293 732 3347 multa
751 3292 900 3364 disputare
919 3300 1021 3347 contra
1035 3292 1237 3347 cardinalium
1249 3292 1421 3356 avaritiam3
1437 3304 1555 3369 inveigh,

370 3376 431 3446 qui,
452 3376 534 3431 fulvo
552 3377 682 3446 corrupti
700 3376 829 3440 metallo,
850 3383 901 3431 aut
926 3376 1063 3432 excaecati
1083 3377 1215 3448 pecunia,
1242 3375 1310 3446 plus
1335 3392 1422 3430 vena·
1435 3371 1583 3450 ³8¹²l¹j⁸ltl¹e

369 3459 476 3514 bantur
487 3467 642 3530 argentum
655 3477 743 3531 quam
761 3478 862 3530 pacem
876 3461 1020 3530 gentium,
1035 3460 1072 3516 ad
1083 3461 1093 3492 ⁴
1104 3478 1192 3531 quam
1210 3460 1294 3514 missi
1307 3460 1424 3515 fuerant
1435 3453 1535 3489 ”⁷³¹¹oe

369 3543 447 3597 iuter
464 3560 556 3613 regna
576 3542 800 3613 ‘reparandam
1435 3504 1574 3622 glrtlllnals,

569 3745 766 3831 Increpote'o
792 3744 1042 3813 Gardiuule'um
1065 3768 1089 3812 c
1110 3745 1218 3832 Papo.

402 3893 608 3950 Ambianensis
637 3901 735 3950 autem
765 3895 891 3966 amplius
921 3894 1039 3966 publice
1069 3894 1269 3951 detestabatur
1298 3901 1329 3951 et
1355 3891 1494 3970 eon-An(1

366 3976 516 4033 demuavit
532 3978 694 4049 perfidiam,
709 3977 883 4050 imponendo
898 3977 965 4043 sibi,
982 3996 1049 4033 cum
1068 3979 1175 4049 saepius
1193 3979 1302 4034 missus
1315 3979 1421 4034 fuisset
1432 3966 1532 4021 ²3⁸¹¹¹⁸l

367 4079 385 4114 a
410 4061 490 4133 Papa
514 4061 667 4133 Gregorio,
696 4061 910 4133 praedecessore
938 4080 1001 4127 suo,
1028 4068 1063 4118 ut
1090 4063 1293 4134 quoquomodo
1317 4080 1419 4134 pacem
1432 4024 1581 4139 {lethzrfldl

366 4145 444 4199 inter
467 4145 584 4216 Angliae
603 4153 634 4201 et
651 4146 783 4200 Franciae
802 4162 895 4216 regna
912 4145 1051 4211 firmaret,
1071 4147 1182 4218 etipse
1200 4146 1419 4202 inaestimabiles
1433 4156 1558 4215 cardinal,

366 4230 430 4283 anri
448 4236 479 4284 et
496 4231 610 4300 argenti
623 4247 753 4284 summas
771 4247 824 4299 pro
842 4229 942 4284 labore
960 4232 1007 4285 sui
1024 4230 1149 4293 itineris,
1166 4231 1253 4302 jussu
1271 4229 1369 4300 Papae,
1383 4230 1419 4282 de
1433 4222 1482 4271 ¹²²⁶
1491 4224 1586 4303 Blsslml‘

365 4318 489 4384 utroque
507 4330 599 4385 reguo
617 4313 752 4384 cepisset,
766 4314 875 4368 omisso
894 4331 955 4369 sure
967 4313 1124 4385 legationis
1139 4315 1241 4379 officio,
1263 4329 1320 4367 uon
1338 4330 1420 4367 cura·
1432 4290 1579 4343 ⁰fA¹¹¹¹⁰¹¹b

364 4396 409 4450 vit
425 4397 491 4467 paci
509 4397 664 4467 providere
682 4414 858 4466 regnorum
877 4397 930 4451 sed
947 4398 1046 4468 potius
1065 4396 1235 4459 elaboravit,
1256 4402 1290 4450 ut
1307 4395 1419 4450 dissen-

365 4479 461 4534 siones
481 4485 511 4536 et
529 4480 595 4535 odia
612 4481 851 4536 continuarentur
869 4480 946 4535 inter
961 4480 1058 4550 Reges
1076 4481 1196 4542 diutius,
1215 4486 1249 4533 ut
1267 4479 1337 4534 dum
1356 4480 1419 4550 ipse

365 4563 473 4634 saepins
492 4564 682 4620 descenderet
698 4564 798 4619 taliter
816 4563 871 4618 sub
889 4563 994 4618 umbra
1012 4563 1161 4618 firmandae
1181 4562 1352 4627 concordia,
1372 4580 1418 4618 re·

365 4645 501 4719 diretquo
525 4649 705 4712 multotiens,
732 4647 840 4702 inlecto
864 4646 993 4719 negotio,
1023 4663 1076 4701 suo
1101 4646 1270 4717 provideret
1298 4646 1418 4701 uberius

399 4863 404 4890 ¹
417 4859 524 4926 dr'rponit
534 4861 597 4909 from
609 4861 652 4910 the
664 4861 763 4926 printed
775 4867 849 4912 texts.
918 4859 962 4909 the
973 4857 1073 4922 printed
1085 4864 1158 4906 texts.

395 4941 406 4969 ²
417 4938 495 4989 Επεὶ.
508 4940 598 4989 xxxiv.
611 4945 651 4990 23.
952 4940 960 4967 ⁴
971 4954 1038 5002 quem
1049 4937 1077 4985 iu
1088 4937 1152 5000 orig.

396 5018 509 5083 'quidem
521 5017 644 5083 inorig.;
661 5019 866 5070 correctedtrom
950 5014 1110 5082 'reparando
1122 5015 1149 5065 iu
1161 5014 1204 5066 the
1215 5014 1315 5079 printed
1326 5022 1401 5066 texts.
