3750 6250
495 1068 561 1130 448
831 1080 962 1128 raons
987 1078 1220 1129 warsruonin

322 1265 550 1330 A.D.1380.hiis
578 1266 629 1337 qui
647 1272 717 1321 tunc
742 1265 873 1330 aderant,
900 1265 972 1321 satis
1009 1266 1163 1322 manifeste
1191 1264 1362 1322 convictus.
1415 1257 1620 1330 Praeoepitus

320 1359 365 1408 Aa
376 1374 468 1409 encou-
492 1367 559 1405 eum
572 1350 639 1405 Dux
651 1349 784 1414 arestari,
804 1355 835 1405 ct
851 1349 883 1404 in
895 1349 1017 1405 castello
1029 1349 1221 1405 Dunelmensi
1234 1348 1356 1405 servari
1368 1367 1377 1412 ;
1399 1327 1622 1444 lreversis-ff

321 1426 413 1490 ¹²81ssss
446 1491 452 1503 ,
491 1452 549 1505 que
567 1435 604 1489 ad
621 1435 744 1506 Regem,
772 1452 845 1505 quos
871 1433 999 1489 diximus
1025 1434 1081 1490 hac
1107 1433 1143 1490 de
1168 1451 1259 1490 causa
1286 1432 1414 1487 Ducem
1442 1427 1566 1500 petisse,
1614 1411 1621 1443 ¹

320 1508 469 1608 meffgfiiffl
491 1519 582 1573 missa
599 1525 668 1574 sunt
688 1518 725 1573 ad
745 1536 813 1574 eum
831 1519 922 1574 verba
942 1518 1143 1583 consolatoria,
1165 1516 1342 1573 mandentia
1366 1532 1409 1569 ne
1430 1512 1567 1568 conmde-

320 1574 364 1698 {fn
393 1574 433 1697 obi
449 1596 477 1697 h‘
489 1608 537 1656 ret
554 1602 584 1655 in
604 1603 658 1656 hoc
677 1621 748 1658 casu
768 1603 869 1658 vultus
890 1602 965 1673 ejus,
989 1602 1041 1657 sed
1061 1609 1139 1658 esset
1158 1603 1227 1658 sorti
1249 1601 1363 1664 animo,
1387 1598 1495 1653 sciens
1514 1615 1566 1667 pm

320 1664 449 1765 ,hzrffukg
489 1691 570 1740 certo
588 1704 620 1740 se
637 1686 720 1741 nulla
736 1687 843 1741 damna
860 1705 1017 1758 passurum
1035 1705 1088 1757 pro
1107 1686 1278 1758 premissis.
1321 1682 1416 1738 Unde
1437 1699 1519 1745 mox,
1533 1686 1566 1734 nt

319 1783 350 1831 οι
363 1783 478 1831 Leucas.
489 1770 561 1824 talia
585 1770 665 1841 plebi
684 1771 766 1826 fuere
784 1773 910 1842 cognita,
932 1777 1034 1826 contra
1054 1770 1166 1826 Ducem
1185 1770 1281 1826 multa
1301 1769 1455 1823 dixerunt
1473 1765 1565 1819 verba

319 1848 389 1898 terit
490 1855 594 1909 acerba
624 1854 711 1926 plena
742 1855 926 1910 contumelia.
986 1854 1045 1910 Sed
1091 1855 1218 1927 qualiter
1253 1854 1338 1910 idem
1378 1849 1563 1921 Radulphus

320 1916 449 1964 ‘eumd'
489 1938 624 2004 evaserit,
644 1955 778 2009 sequens,
799 1939 877 2012 quod
897 1938 1060 2010 scripturus
1076 1956 1150 2004 sum,
1171 1938 1417 1993 Parliamentum
1431 1934 1562 1988 declara·

486 2022 539 2078 bit.
575 2022 660 2077 Idem
678 2023 851 2095 Radulphus
869 2023 906 2077 de
924 2023 1070 2079 Ferrariis
1087 2022 1158 2094 ²per
1176 2023 1310 2078 Berones
1332 2025 1480 2092 quatuor,
1509 2020 1559 2089 qni

487 2104 684 2162 Parliamento
708 2109 840 2178 proximo
865 2106 1035 2172 interfuere,
1063 2113 1255 2179 manucaptus
1283 2112 1341 2170 est,
1378 2104 1479 2159 donec
1506 2121 1559 2174 per

487 2191 582 2260 magis
601 2191 749 2247 evidentes
769 2192 896 2248 rationes
916 2209 1000 2247 snam
1019 2192 1214 2248 innocentiam
1230 2191 1430 2247 declarasset-

737 2380 851 2468 Coaaeo
872 2380 995 2449 Sancti
1013 2379 1125 2447 Pauli
1147 2379 1296 2467 ejicitor.

320 2505 377 2558 The
388 2506 471 2559 Coum
525 2499 629 2556 Comes
661 2501 760 2557 Sancti
790 2501 876 2557 Pauli
906 2503 1121 2569 wallerannus,
1155 2502 1205 2574 qui
1237 2520 1307 2556 cum
1335 2501 1472 2571 conjuge
1503 2516 1553 2554 sua

321 2573 437 2625 destini
491 2582 625 2639 Johanna
642 2584 817 2657 courtenay,
847 2604 945 2642 sorore
966 2586 1085 2642 Domini
1110 2586 1202 2658 Regis
1220 2585 1352 2656 Angliae,
1374 2585 1468 2655 paulo
1487 2591 1550 2639 ante

319 2640 433 2771 3³22&
490 2685 626 2738 egressus
645 2675 691 2725 cst
708 2669 744 2724 de
763 2675 850 2734 terra,
863 2671 921 2735 vel,
942 2677 976 2725 ut
992 2671 1092 2726 verius
1116 2670 1267 2735 asseritur,
1290 2669 1438 2741 expulsus
1458 2675 1505 2723 est
1521 2670 1549 2722 in

319 2774 433 2838 expelled
489 2754 636 2824 propriam
663 2754 813 2825 regionem
840 2760 960 2825 propter
978 2772 1031 2809 sna
1048 2756 1185 2820 facinora,
1206 2755 1270 2809 sine
1290 2754 1422 2824 strepitu
1440 2760 1546 2817 tamen,

320 2840 385 2890 from
396 2840 466 2905 Eng-
488 2854 525 2892 ne
555 2855 678 2910 persona
707 2839 792 2910 regia
821 2839 1007 2894 dehonestari
1045 2840 1188 2911 potuisset
1217 2857 1271 2910 per
1302 2856 1374 2893 eum
1404 2838 1457 2908 qui
1490 2846 1546 2892 tam

319 2906 386 2957 Μ
486 2922 569 2977 larta
584 2923 723 2977 affinitate
741 2922 836 2977 eidem
852 2923 1023 2994 conjunctus
1039 2924 1151 2989 fuerat;
1181 2940 1248 2977 mox
1262 2928 1297 2978 ut
1312 2940 1415 2977 aerem
1430 2923 1547 2976 atmaxit

488 3006 648 3078 proprium,
675 3024 757 3061 more
783 3008 880 3077 gentis
906 3026 977 3072 suae,
1006 3008 1128 3079 prodere
1150 3007 1246 3063 voluit
1264 3024 1296 3063 so
1311 3025 1377 3074 non
1401 3024 1438 3060 ex
1463 3005 1545 3060 corde

489 3108 558 3146 cum
588 3090 725 3161 Anglicis
744 3091 919 3157 ambulasse,
948 3091 1001 3148 sed
1019 3092 1086 3148 ficte
1110 3091 1207 3163 potins
1234 3098 1265 3147 et
1291 3090 1405 3146 dolose.
1436 3089 1547 3146 Revera

488 3178 574 3226 nacta
597 3189 664 3225 mox
688 3172 913 3242 opportunitate,
948 3177 983 3227 ut
1010 3173 1146 3243 pervenit
1170 3171 1207 3226 ad
1234 3172 1365 3242 propria,
1395 3177 1543 3240 magnates

319 3263 360 3314 He
368 3262 437 3326 joina
489 3255 669 3311 Francorum
686 3255 769 3319 adiit,
792 3256 843 3326 qui
860 3273 935 3311 novo
954 3256 1031 3327 Regi
1050 3258 1215 3321 astiterunt,
1229 3255 1291 3310 filio
1309 3254 1428 3309 scilicet
1445 3254 1542 3307 Karoli

318 3329 361 3380 ²¹¹0
372 3330 444 3395 ¹5¹²ss
451 3330 482 3379 ⁰f
490 3339 659 3411 supradicti,
686 3340 738 3412 qui
764 3339 828 3410 ejus
853 3340 973 3410 negotia
997 3340 1074 3410 Regi
1101 3340 1252 3410 Regisqus
1271 3338 1405 3394 Consilio
1432 3355 1542 3409 promo·

319 3396 607 3513 ffiffmzdeverent:
639 3441 693 3478 nec
722 3440 813 3487 mora,
846 3430 998 3494 gratanter
1027 3425 1064 3478 ab
1091 3424 1237 3478 universis
1267 3423 1428 3485 admissus,
1456 3421 1542 3491 Regis

319 3529 455 3580 Chamber,
490 3507 676 3563 Camerarius
704 3512 749 3561 est
774 3507 903 3571 effectnn,
932 3509 1085 3578 factusque
1113 3514 1158 3563 est
1184 3507 1372 3561 adversarius
1397 3506 1541 3577 publicus,

320 3597 380 3645 lain.
490 3591 532 3647 ita
550 3599 583 3648 ut
601 3592 713 3648 cunctis
732 3599 880 3647 constaret
897 3593 1010 3662 Anglos
1030 3610 1064 3646 ex
1083 3611 1117 3646 eo
1135 3592 1243 3646 fovisse
1262 3591 1438 3645 ⁴cocticum.

741 3774 973 3840 Floadreoaes
991 3775 1136 3860 foeteat
1161 3794 1286 3860 poseat.

320 3914 475 3979 Tbepeople
523 3905 717 3960 Flandrenses
736 3905 873 3960 videlicet
898 3905 934 3959 de
963 3904 1102 3960 Gandavo
1131 3910 1198 3974 post
1223 3903 1318 3957 multa
1345 3921 1379 3957 ac
1406 3902 1543 3956 damnosa

318 3981 443 4032 OsGhfflt
488 3990 594 4059 litigia,
615 3995 681 4060 post
705 3989 848 4043 diutinam
874 3990 1063 4053 obsidionem,
1089 3988 1142 4043 sed
1165 3989 1290 4051 inanem,
1310 3995 1380 4058 post
1397 3987 1494 4040 credes
1512 4004 1542 4039 ac

318 4049 394 4162 ”¹2¹2ss
411 4116 451 4162 for
488 4082 596 4128 mortes
626 4073 732 4144 quibus
763 4074 879 4128 ⁵affecti
909 4079 987 4137 sunt,
1014 4082 1044 4128 et
1071 4073 1212 4143 patriotas
1243 4090 1279 4125 ex
1307 4078 1392 4141 parte
1423 4071 1542 4124 Comitis

317 4129 474 4234 ,ffimefflth
488 4159 655 4222 affecerunt,
677 4159 783 4229 quibus
802 4165 832 4212 et
850 4158 1030 4229 superiorem
1051 4175 1169 4211 manum
1187 4156 1325 4210 continue
1344 4162 1542 4225 reportarunt,

317 4245 360 4294 the
373 4248 454 4296 (bunt
488 4243 518 4296 id
537 4243 651 4297 Gemite
668 4242 834 4313 postulante
859 4248 889 4296 et
912 4241 1092 4296 obsidionem
1118 4240 1305 4304 dissolvente,
1326 4257 1433 4310 pacem
1453 4241 1544 4292 secere

317 4313 429 4431 212ng·
488 4345 555 4381 oum
574 4328 692 4392 eodem;
713 4328 764 4381 sed
783 4326 895 4380 modico
914 4333 1045 4396 tempore
1064 4325 1259 4380 duraturam.⁶

493 4520 802 4527 -ψ-

522 4659 694 4721 'reversusque
713 4658 739 4705 in
759 4657 836 4721 orig.;
862 4657 989 4706 corrected
1011 4658 1014 4727 l
1069 4653 1255 4719 v¹serpeatrmin
1269 4653 1312 4702 the
1325 4653 1433 4716 printed
1445 4649 1520 4703 texts.

487 4738 551 4786 from
560 4738 603 4786 the
612 4737 711 4800 printed
723 4743 796 4786 texts.
1011 4735 1013 4806 j
1068 4734 1170 4799 ⁵effrcti
1185 4733 1211 4780 in
1229 4732 1312 4795 orig.;
1332 4736 1469 4783 corrected
1486 4735 1547 4782 from

518 4818 528 4844 ²
540 4823 563 4864 et
575 4816 601 4863 in
612 4816 675 4878 orig.
685 4818 734 4865 and
745 4816 788 4866 the
800 4815 900 4878 printed
911 4821 988 4863 texts.
1035 4813 1078 4861 the
1090 4812 1189 4875 printed
1201 4819 1277 4861 texts.

486 4894 620 4944 corrected
631 4895 696 4942 from
707 4895 775 4945 BibL
788 4895 850 4957 Reg.
866 4899 895 4942 13
908 4894 937 4942 Ε.
951 4893 986 4943 ix.
1067 4895 1077 4919 ⁰
1088 4893 1114 4940 A
1122 4907 1225 4955 passage
1234 4891 1262 4939 in
1272 4891 1345 4942 Bibl.
1356 4893 1424 4958 Reg.
1436 4900 1467 4943 13
1475 4894 1506 4945 R
1515 4894 1549 4942 ix.

520 4975 596 5021 'oute
615 4973 641 5020 in
673 4974 752 5036 orig.;
779 4975 906 5023 corrected
924 4973 987 5023 from
1034 4972 1056 5020 is
1068 4971 1170 5020 omitted
1182 4970 1249 5019 here.

485 5053 528 5101 the
539 5052 641 5115 printed
650 5059 723 5102 texts.
1011 5063 1012 5073 ¹
