3750 6250
503 1044 568 1106 384
836 1056 966 1107 'I'HOMAE
989 1056 1222 1108 wammam

336 1236 488 1289 A.D.1358.
504 1247 523 1270 “
543 1242 667 1298 aliorum
685 1241 796 1298 Christi
814 1242 945 1297 fidelium
963 1248 1148 1314 anteponens,
1169 1242 1266 1298 animo
1283 1243 1433 1300 obstinato
1446 1246 1569 1317 satagis
1581 1249 1664 1303 ΜΗ

504 1330 523 1353 “
543 1328 640 1398 ipsum
651 1328 796 1398 Papatum
808 1326 959 1399 ¹tyrannio
970 1327 1129 1399 possidere,
1144 1327 1195 1398 qui
1207 1345 1261 1399 per
1273 1330 1380 1384 ostium
1392 1348 1456 1384 non
1469 1332 1568 1386 intra·
1580 1322 1638 1398 B‘ss·
1646 1325 1664 1369 ¹²

504 1414 523 1437 “
543 1411 701 1475 sti—Nos,
723 1429 782 1466 non
796 1411 927 1467 valentes
946 1411 1099 1482 praemissa
1116 1411 1206 1467 salvis
1223 1413 1408 1468 conscientiis
1429 1416 1568 1486 amplius
1580 1388 1609 1437 E*
1619 1402 1649 1438 ¹¹⁴

504 1500 523 1522 “
544 1496 598 1549 sub
618 1494 849 1551 dissimulatione
864 1495 999 1559 transire,
1013 1496 1051 1550 ad
1062 1501 1144 1550 tuam
1160 1503 1191 1551 et
1208 1497 1332 1552 aliorum
1352 1497 1470 1553 Christi
1491 1499 1567 1554 fide-

503 1583 522 1605 “
542 1579 614 1634 lium
632 1580 764 1634 notitiam
784 1579 882 1633 omnia
898 1580 1059 1650 praemissa,
1080 1579 1149 1634 licet
1160 1580 1226 1651 ipsa
1236 1587 1297 1634 tam
1309 1581 1365 1635 sibi
1379 1599 1473 1652 quam
1484 1600 1567 1653 pene

504 1666 522 1689 “
541 1664 596 1717 toti
614 1663 692 1717 clero
710 1668 741 1717 et
752 1663 859 1733 populo
871 1662 998 1717 existant
1009 1663 1131 1726 notoria,
1146 1663 1330 1728 deducentes,
1344 1670 1374 1718 te
1387 1665 1566 1721 anathema·

503 1750 521 1772 “
541 1747 666 1801 tizatum
684 1765 718 1801 ac
736 1752 876 1817 tanquam
908 1747 1057 1800 intrusum
1082 1745 1120 1801 ad
1138 1747 1291 1817 Papatum,
1310 1747 1393 1827 nulla
1410 1748 1565 1805 electione

503 1834 521 1856 ‘¹
541 1831 680 1887 canonica
703 1829 894 1902 praecedente,
924 1831 1014 1884 totius
1041 1829 1272 1886 Christianitatis
1298 1832 1477 1897 invasorem,
1507 1836 1564 1904 qui

503 1918 522 1941 “
541 1922 630 1986 caput
664 1915 758 1985 ipsius
796 1913 1026 1970 Christianitatis
1056 1914 1194 1969 invadere
1233 1933 1291 1969 non
1320 1915 1474 1980 formidas,
1509 1917 1563 1971 de·

503 2002 521 2025 “
541 2006 784 2069 amatoremque,
805 1998 856 2068 qui
874 2004 908 2052 ιιι
926 1998 981 2052 sub
999 2004 1051 2052 tua
1062 1998 1251 2069 occupatione
1269 1999 1420 2070 tyrannica
1439 2001 1562 2054 efficere

503 2085 521 2108 “
542 2084 662 2152 satagis,
694 2088 728 2137 ut
757 2083 819 2136 fere
856 2088 1038 2136 sacramenta
1074 2081 1219 2147 deficiant,
1252 2089 1282 2137 et
1310 2089 1345 2138 ut
1374 2082 1561 2139 Christicola

502 2169 520 2191 “
540 2167 675 2237 populus,
695 2173 835 2236 tanquam
853 2183 923 2219 vero
935 2172 1052 2235 pastore
1064 2182 1176 2228 careus,
1190 2182 1243 2236 per
1254 2166 1378 2236 abrupta
1390 2166 1561 2222 deducatur

501 2254 519 2276 ‘⁶
539 2251 571 2304 in
582 2249 709 2313 devium,
724 2249 907 2321 publicamus
923 2257 954 2303 ct
968 2249 1057 2303 etiam
1070 2248 1280 2304 denunciamus
1292 2272 1299 2316 ;
1318 2256 1348 2304 te
1359 2249 1559 2306 nihilominus

501 2338 519 2359 “
540 2334 724 2388 exhortantes
749 2339 779 2388 et
808 2333 1003 2396 obsecrantes,
1029 2350 1082 2402 per
1105 2333 1220 2387 viscera
1243 2332 1454 2387 misericordiae
1481 2334 1558 2389 Jesu

501 2421 519 2443 “
541 2417 662 2479 Christi,
701 2417 785 2486 cujus
822 2416 995 2480 Ecclesiam,
1028 2434 1164 2487 sponsam
1195 2434 1287 2481 suam,
1318 2435 1375 2470 non
1405 2418 1558 2473 erubuisti

501 2504 520 2527 “
540 2500 688 2564 invadere,
708 2507 742 2555 ut
765 2500 801 2553 de
825 2500 882 2554 fine
906 2500 1030 2571 cogites,
1057 2500 1094 2554 ad
1119 2517 1207 2569 quem
1230 2507 1261 2555 te
1285 2501 1376 2555 trahit
1398 2500 1558 2570 plenitudo

500 2588 519 2610 ‘⁸
539 2584 663 2648 dierum,
694 2584 731 2638 ad
761 2583 856 2638 Deum
886 2590 916 2639 et
945 2602 1049 2655 puram
1079 2584 1285 2638 conscientiam
1315 2585 1427 2654 dirigas
1459 2586 1557 2640 aciem

501 2672 519 2694 ‘⁶
539 2669 646 2722 mentis
678 2674 746 2731 tuae,
781 2668 934 2739 ipsamque
966 2668 1050 2721 Beati
1081 2668 1162 2722 Petri
1194 2667 1300 2722 Sedent
1324 2669 1553 2734 sanctissimam,

500 2755 519 2778 “
540 2770 628 2822 quam
641 2752 703 2806 sine
715 2751 802 2807 titulo
815 2769 948 2822 occupas,
963 2751 1085 2806 liberam
1102 2758 1132 2806 et
1142 2769 1266 2806 vacuam
1277 2752 1394 2805 omnino
1406 2752 1553 2818 dimittas,

500 2840 519 2862 “
540 2836 725 2907 insigniaque
744 2836 871 2907 deponas
890 2836 1020 2907 Papalia,
1046 2841 1077 2889 et
1100 2836 1136 2889 ab
1161 2835 1410 2890 administratione
1429 2838 1553 2908 spiritu-

500 2923 518 2945 “
538 2920 630 2975 alium
648 2926 678 2975 et
689 2920 894 2991 temporalium
913 2920 1040 2990 Papatus
1059 2925 1089 2973 et
1101 2919 1238 2973 Romana
1250 2919 1389 2974 Ecclesiae
1402 2920 1553 2976 abstineas

500 3007 518 3029 “
538 3005 668 3068 indilate,
689 3022 722 3058 ac
747 3003 819 3058 alias
839 3003 901 3057 Deo
926 3010 956 3058 et
974 3003 1115 3058 Ecclesiae
1140 3021 1200 3057 suae
1225 3002 1339 3057 Sanctae
1360 3021 1413 3074 per
1434 3005 1552 3060 fructus

499 3091 518 3113 ‘⁴
538 3106 615 3144 verae
633 3088 812 3160 poenitentiae
831 3087 999 3142 satisfacere
1024 3085 1152 3150 studeas,
1175 3086 1260 3158 juxta
1283 3104 1377 3159 posse,
1415 3086 1501 3156 Quod
1525 3091 1552 3144 si

499 3175 517 3198 ⁴⁸
538 3173 652 3237 seceris,
675 3172 802 3243 gratiam
823 3171 889 3234 Dei,
916 3180 946 3226 et
969 3170 1094 3241 gloriam
1118 3171 1229 3235 mundi,
1255 3179 1286 3226 ct
1308 3171 1409 3226 laudes
1429 3172 1502 3226 cleri
1523 3182 1554 3227 et

499 3260 518 3282 “
537 3257 647 3327 populi,
681 3274 715 3311 ac
748 3256 918 3310 acerbarum
954 3272 1107 3325 poenarum
1137 3272 1190 3325 per
1221 3255 1291 3325 jura
1326 3256 1465 3311 canonica
1495 3256 1551 3310 tibi

498 3344 516 3366 ‘⁶
537 3341 749 3412 impositarum,
768 3358 802 3393 ac
820 3339 1071 3410 imponendam,
1093 3339 1304 3402 remissionem,
1325 3357 1391 3393 cum
1410 3339 1553 3394 universa

498 3428 516 3449 ‘⁶
536 3423 738 3494 tindulgentia
756 3423 915 3477 mereberis
934 3422 1075 3486 obtinere,
1096 3422 1181 3476 aliter
1199 3423 1430 3491 indignationem
1449 3422 1549 3478 Omni-

498 3514 516 3532 “
537 3512 662 3578 potentis
694 3509 749 3561 Dei
775 3516 804 3562 ct
829 3509 986 3561 Beatoruru
1011 3508 1091 3561 Petri
1127 3517 1156 3561 ct
1187 3508 1282 3570 Pauli,
1316 3508 1550 3578 Sanctorumquc

498 3595 515 3615 ‘·'
537 3594 675 3653 omnium,
707 3610 763 3643 non
796 3592 942 3644 immerito
975 3591 1154 3645 incursurus.
1205 3591 1324 3660 Nosque
1356 3591 1490 3644 divinum
1521 3603 1551 3646 et

498 3680 515 3698 ‘³
536 3675 693 3727 humanum
716 3675 870 3728 consilium
890 3693 957 3727 cum
977 3674 1088 3727 Christi
1111 3692 1223 3743 spensa,
1239 3683 1268 3727 et
1280 3675 1408 3727 omnium
1422 3674 1548 3729 Christi-

497 3762 515 3782 ‘''
536 3776 665 3819 ariorum,
690 3777 813 3826 quorum
838 3766 932 3811 mater
956 3764 1037 3827 [tarta
1063 3758 1253 3827 proculdubio
1274 3758 1409 3820 violatur,
1430 3760 1548 3813 iuvoca-

497 3846 514 3866 “
535 3842 640 3903 bimus,
667 3840 790 3910 aliisque
815 3851 931 3894 utemur
957 3841 1093 3893 remediis
1118 3860 1170 3911 per
1200 3843 1351 3896 canonicas
1382 3844 1549 3897 sanctiones

495 3930 512 3951 ‘⁴
534 3925 688 3987 concessis,
703 3925 808 3978 abinde
822 3937 851 3979 ct
870 3924 946 3993 ³[i11]
962 3933 1047 3979 aritca
1065 3926 1176 3978 nullum
1190 3944 1270 3994 spem
1288 3926 1323 3979 de
1342 3927 1550 3982 misericordia

497 4014 513 4035 “
535 4009 718 4062 habiturus’'

326 4104 381 4152 The
393 4107 470 4154 above
530 4095 614 4147 lianc
634 4112 704 4163 ergo
723 4093 896 4162 Epistulam,
918 4093 1033 4160 plenam
1053 4111 1164 4147 veneno
1183 4100 1212 4146 et
1230 4095 1352 4157 malitia,
1373 4094 1451 4147 idem
1475 4096 1547 4149 Car-

327 4171 409 4218 letter
421 4173 441 4218 ῖς
494 4179 606 4232 dinalcs
627 4178 804 4233 schismatici
825 4177 923 4230 dolose
943 4178 1150 4240 confinxerunt,
1166 4186 1195 4231 ct
1208 4196 1272 4230 cam
1290 4180 1405 4248 publice
1419 4179 1549 4234 Domino

324 4240 470 4349 3ff¹¹tff⁰¹¹¹⁰
494 4262 591 4332 Papae,
621 4270 654 4316 ut
682 4279 770 4331 supra
795 4261 961 4323 retulimus,
991 4262 1235 4326 transmiserunt3
1265 4261 1465 4316 desiderantes
1494 4283 1549 4333 per

348 4319 399 4365 ‘im'
493 4348 613 4399 eandem
633 4363 785 4400 commune
811 4345 918 4414 vulgus
938 4351 968 4398 et
985 4345 1169 4398 innocentem
1194 4346 1333 4415 populum
1353 4365 1369 4398 a
1387 4365 1458 4399 vcro
1480 4367 1548 4418 pas-

492 4439 554 4483 tore
574 4450 627 4484 suo
652 4431 852 4484 fraudulenter
877 4436 1019 4493 avertere,
1047 4436 1077 4482 et
1101 4430 1130 4481 in
1156 4430 1285 4483 savorem
1310 4448 1410 4483 corum
1435 4432 1548 4485 talibus

490 4516 769 4569 ⁴machinationibus
789 4515 938 4568 inclinare.
977 4513 1070 4577 Unde,
1087 4514 1150 4583 ipso
1169 4514 1344 4577 elaborante,
1366 4516 1415 4583 qui
1435 4518 1547 4569 nostris

494 4672 897 4679 .-.-----——--...—.
1238 4673 1547 4682 —--———§-

525 4768 529 4794 ¹
541 4765 666 4827 tyrrannide
675 4766 701 4813 in
710 4767 843 4816 Cautdeu's
855 4776 916 4817 text.
1012 4773 1017 4804 ¹
1076 4769 1084 4794 ⁴
1097 4765 1293 4814 inclinationibus
1310 4768 1335 4815 in
1352 4769 1414 4833 orig.
1433 4773 1483 4819 und
1501 4772 1545 4820 the

523 4846 532 4872 '²
544 4842 668 4906 diliyemtia
680 4844 706 4890 iu
719 4845 760 4893 the
772 4846 872 4907 printed
884 4855 958 4895 texts.
1043 4849 1142 4909 printed
1154 4856 1221 4896 texts
1233 4869 1239 4906 ;
1258 4852 1383 4898 corrected
1398 4851 1461 4899 from
1474 4853 1544 4901 Bibl.

523 4925 531 4949 ³
544 4921 664 4983 Supplied
682 4922 745 4969 from
758 4924 822 4971 llibl.
842 4925 904 4986 lleg.
920 4931 948 4972 13
961 4925 990 4972 E.
1045 4928 1105 4989 lug.
1118 4933 1146 4974 13
1157 4928 1184 4975 1⁴1.
1194 4928 1229 4974 ix.

491 4999 525 5050 ix.
540 5023 545 5058 ;
565 4999 669 5048 eruitted
681 4999 707 5046 iu
721 5001 762 5048 the
774 5002 871 5063 printed
884 5012 956 5051 texts.
1011 5021 1017 5069 q
