3750 6250
661 1088 825 1137 nassonia
847 1087 1057 1137 incatenat
1317 1073 1379 1135 221

264 1276 302 1327 ul.
333 1278 352 1302 ‘¹
373 1273 528 1332 sanctitati
541 1278 647 1328 vestras
665 1279 695 1327 et
713 1273 825 1327 cunctis
847 1271 1068 1329 consideratam.
1088 1276 1208 1332 rectam,
1229 1275 1259 1323 et
1270 1268 1383 1323 ordina·
1397 1273 1465 1323 Μ).
1480 1281 1550 1326 1³40.

333 1363 351 1385 ‘⁴
372 1366 433 1413 taem
443 1364 449 1392 ¹
458 1359 599 1412 rationem
612 1356 795 1418 habentibus,
804 1355 899 1410 videri
909 1355 1013 1409 debeat
1021 1353 1202 1408 rationabilis
1215 1360 1245 1408 ct
1256 1360 1383 1424 accepta.

264 1411 302 1476 gh*
334 1446 352 1469 ¹⁶
373 1442 454 1496 Etsi
475 1442 597 1495 forsitan
615 1440 645 1493 in
663 1439 890 1509 supradictavia
908 1446 1073 1493 nostrorum
1091 1437 1251 1490 amicorum
1270 1442 1300 1492 et
1316 1437 1386 1491 lide·

335 1530 353 1554 “
374 1526 448 1580 lium
467 1526 543 1580 soret
561 1524 754 1595 requirendus
779 1530 809 1577 et
827 1522 1000 1577 obtinendus
1027 1538 1173 1585 assensus,
1199 1522 1277 1576 cirea
1300 1520 1385 1574 illum

335 1613 354 1637 “
374 1609 562 1665 obtinendum
590 1625 762 1679 poneremus
781 1624 896 1660 omnem
914 1606 1097 1675 diligentiam
1117 1623 1204 1675 quam
1222 1623 1384 1675 possemne,

336 1699 356 1721 ‘⁶
376 1694 419 1748 ita
430 1693 507 1762 (puod
526 1711 578 1762 per
589 1709 642 1745 rios
655 1709 712 1745 non
730 1691 821 1744 stabit
839 1691 910 1759 quin
928 1689 1083 1744 concordia
1099 1689 1173 1742 bonai
1191 1689 1250 1752 fiat,
1274 1690 1299 1743 si
1318 1708 1386 1760 pars

346 1782 353 1804 ‘
374 1777 466 1832 altera
484 1778 556 1830 velit
573 1775 803 1830 condescendere
822 1774 936 1828 rationi.
988 1774 1193 1844 Supplicia-mus
1212 1774 1305 1844 igitur
1322 1792 1386 1828 ves-

335 1866 354 1888 “
374 1869 428 1916 tra·
447 1860 608 1915 elementia>
627 1867 687 1914 toto
700 1858 796 1920 eorde,
811 1863 955 1927 <pantenus
968 1869 1080 1912 vestras
1090 1857 1238 1926 justitiam
1251 1865 1280 1912 et
1294 1859 1386 1911 inten-

335 1950 354 1971 “
374 1945 492 2008 tionem,
514 1944 543 1997 in
561 1943 684 1998 veritato
704 1942 849 2005 fundatas,
870 1941 979 2004 volitis,
1000 1942 1025 1995 si
1043 1940 1149 2011 placet,
1164 1940 1261 1995 debite
1278 1941 1384 2012 pondo·

335 2032 354 2054 ‘⁶
374 2045 450 2090 rare,
471 2044 580 2096 nosque
603 2043 654 2080 vos
673 2032 703 2080 et
720 2024 876 2079 ‘²Sauctam
894 2024 1056 2078 Romanam
1074 2023 1237 2079 Ecclesiam
1258 2024 1384 2078 inomni

337 2115 355 2137 '⁶
375 2109 537 2164 devotionis
556 2108 746 2180 plenitudine,
761 2116 791 2163 et
810 2106 910 2161 solidae
929 2107 1093 2162 dilectionis
1112 2115 1142 2162 et
1157 2107 1264 2161 larome
1279 2108 1384 2176 gratia,

337 2197 355 2220 ‘⁶
376 2194 538 2249 incidenter
556 2193 719 2256 confovere,
743 2191 891 2254 danobis,
912 2197 946 2245 ut
964 2190 1000 2244 de
1022 2191 1083 2245 filio
1102 2190 1300 2254 devotissimo,
1322 2208 1385 2246 seu·

337 2281 355 2304 “
375 2278 491 2332 tientes,
529 2276 605 2330 Nam
625 2276 709 2331 testis
722 2280 768 2330 est
783 2274 865 2328 nobis
884 2275 1128 2329 conscientiarum
1147 2274 1290 2329 Dominus
1309 2273 1387 2344 quod

338 2365 356 2388 ¹⁸
377 2361 501 2415 honores
526 2369 555 2415 et
580 2360 732 2415 libertates
767 2358 982 2413 ecclesiasticas
1018 2358 1156 2412 extollere
1190 2360 1324 2429 cupimus
1358 2365 1388 2412 ct

338 2451 357 2471 “
379 2446 464 2508 tueri,
485 2452 523 2507 et,
550 2445 575 2498 si
595 2444 675 2498 Deus
705 2443 789 2498 nobis
813 2442 1005 2513 ³prosperane
1031 2443 1216 2508 concesserit,
1240 2443 1277 2497 ad
1294 2443 1387 2513 ipsius

338 2533 357 2555 ‘⁴
377 2529 455 2582 bella
475 2535 575 2582 contra
598 2528 732 2582 inimicos
757 2526 824 2580 tidei
849 2526 1017 2596 peragenda
1040 2527 1154 2582 devotis
1174 2535 1205 2582 ct
1227 2527 1388 2582 humilibus

338 2615 357 2640 ‘⁸
378 2612 530 2668 affectibus
549 2612 721 2682 aspiramus.
760 2610 929 2673 Conserret,
950 2609 1026 2665 etc.'’

264 2705 305 2755 ibl.
370 2697 457 2751 Anno
475 2695 578 2765 gratian
597 2695 754 2748 millesimo
773 2695 978 2749 trecentesimo
996 2694 1145 2748 tricesimo
1163 2695 1315 2764 ⁴septimo¹
1338 2694 1388 2765 qui
1402 2702 1470 2752 ΔΙ).
1483 2706 1554 2753 1337.

264 2778 275 2820 5
336 2787 382 2834 est
400 2797 492 2834 aniius
520 2778 629 2848 ‘Regis
655 2777 808 2832 6Ειίιιιιιιίἰ
834 2777 1014 2841 undecimus,
1041 2777 1118 2833 7suit
1142 2778 1205 2832 Rex
1230 2779 1266 2832 nd
1284 2779 1389 2834 Nobile

336 2863 447 2950 lapud
471 2862 714 2948 Rokesbuiglie.

372 2965 438 3019 Hoc
457 2982 530 3018 ιιιιιιο
552 2963 623 3018 villa
643 2964 679 3018 de
701 2962 929 3032 Soutliamptcne
948 2980 1001 3033 pcr
1019 2963 1119 3032 galeas
1146 2964 1237 3032 Regis
1257 2965 1387 3018 Francim
1401 2967 1503 3018 Dissen-

337 3049 398 3103 l'ere
411 3048 539 3103 totaliter·
558 3054 603 3101 cst
621 3047 787 3111 combusta3
809 3065 866 3116 ιμιο
884 3065 959 3099 auno
971 3055 1035 3100 crta
1047 3053 1092 3100 est
1103 3048 1223 3116 grandis
1242 3048 1388 3102 discordia
1400 3034 1468 3083 “5⁰⁰⁸
1479 3036 1522 3084 Μ·

337 3134 414 3188 iuter
432 3133 529 3202 Reges
549 3131 665 3201 Anglian
683 3138 714 3185 ct
732 3131 873 3193 Francia,
888 3148 921 3183 eo
941 3130 1018 3199 quid
1043 3131 1103 3184 Res
1123 3132 1254 3185 Franciae
1278 3133 1386 3186 multas
1399 3109 1478 3215 {3an
1491 3102 1534 3217 {ge

336 3226 430 3273 terras
452 3226 483 3272 et
508 3217 615 3288 oppida
639 3217 668 3269 in
687 3216 841 3270 Wasconia
867 3216 997 3286 improbe
1022 3224 1222 3286 usurpaverat.
1270 3217 1333 3285 Qua
1350 3217 1386 3270 de
1399 3184 1517 3295 lenpignd

337 3322 435 3366 caereo,
463 3302 525 3357 Rex
552 3301 668 3371 Anglia‘
696 3301 795 3371 plures
823 3301 983 3355 oblationes
1012 3301 1138 3355 humiles
1160 3302 1235 3371 Regi
1256 3303 1386 3356 Francia
1399 3301 1557 3357 andl'rnuce.

337 3389 455 3450 fecerat,
476 3388 500 3439 si
521 3387 623 3439 saltem
643 3387 685 3439 sie
704 3393 803 3456 posset
821 3403 993 3456 recuperare
1011 3393 1104 3440 terras
1130 3405 1214 3451 stias3
1241 3387 1293 3441 sed
1320 3406 1386 3441 cum

337 3470 379 3524 nil
407 3469 570 3541 proliceret.
598 3468 729 3523 collectis
754 3468 946 3538 undecunque
976 3470 1117 3539 pecuniis,
1150 3488 1229 3523 utare
1260 3471 1385 3524 transire

337 3553 491 3624 disposuit.
548 3553 662 3622 Nempe
688 3553 718 3606 in
743 3552 942 3607 Parliamento
968 3552 1044 3624 apud
1071 3554 1260 3623 Notyngham
1291 3557 1389 3625 exegit
1400 3558 1557 3612 Parliament

338 3637 630 3708 quintum-decimum
643 3636 794 3690 denarium
808 3636 843 3690 do
857 3638 1003 3691 communi
1021 3638 1115 3707 plebe,
1130 3638 1334 3710 dee-imumque
1352 3640 1387 3694 de
1400 3636 1426 3676 ”t
1437 3628 1557 3693 N⁰ffi¹¹tt

338 3721 450 3789 iungis.
1400 3693 1466 3744 ham·

376 3805 412 3858 In
438 3805 653 3859 ⁹Parliamentc
680 3803 845 3858 ordinatum
864 3810 918 3866 est,
940 3811 974 3858 ut
991 3821 1089 3859 omues
1108 3805 1217 3861 lanifici
1244 3806 1388 3861 Flandrim
1401 3820 1541 3873 Thewool.

338 3889 520 3956 aliarumque
551 3896 707 3949 terrenam,
738 3887 869 3941 volentes
900 3888 1062 3942 inhabitare
1094 3890 1242 3957 Angliam,
1270 3887 1539 3962 pacificetenmanu-

338 3972 518 4026 advenirent.
557 3972 673 4026 Revera
690 3988 743 4041 per
762 3977 821 4025 tres
840 3988 930 4024 auitos
949 3971 1074 4041 elapsos,
1096 3984 1129 4028 ut
1147 3974 1258 4028 dictum
1284 3976 1387 4033 suerat.
1401 3954 1521 4067 {imm
1532 3957 1563 4007 οἷ

338 4056 507 4125 passagium
532 4055 568 4109 dc
594 4055 668 4108 lanis
701 4054 843 4116 cessabat,
870 4061 903 4108 ut
926 4055 1014 4109 citius
1038 4056 1264 4111 Flandrensium
1289 4075 1388 4127 super·
1401 4022 1522 4139 affl&

339 4138 417 4192 biam
436 4137 498 4193 Rex
516 4138 693 4200 devinceret,
717 4138 768 4208 qui
786 4138 853 4208 plus
873 4156 973 4193 saccos
998 4158 1084 4209 qiiarn
1109 4141 1251 4210 Anglicos
1269 4158 1387 4195 venera·
1401 4151 1455 4201 into
1467 4154 1536 4221 Eng.

340 4222 454 4276 bantur.
1401 4218 1466 4270 laud.

339 4330 427 4338 -.--
445 4330 699 4337 --·---·-——
731 4329 804 4335 ,..--.

374 4402 379 4429 ¹
394 4400 506 4450 (tmitted
518 4400 544 4449 in
558 4401 630 4450 llarl.
644 4406 701 4450 att.
863 4401 866 4437 Ι
921 4401 1066 4451 'Edwards'
1075 4419 1093 4451 e
1107 4404 1254 4467 (Joaqacste
1272 4400 1350 4451 Tertii
1361 4403 1388 4452 in

373 4481 383 4507 ²
397 4477 489 4527 Sancte
502 4477 613 4527 Benene
634 4476 757 4537 Ecclesia,
770 4478 841 4527 llarl.
887 4479 930 4529 the
941 4481 1041 4543 printed
1053 4490 1127 4531 texts.

342 4562 398 4606 655.
863 4578 867 4617 l
921 4574 1018 4623 'tenuit
1028 4574 1084 4624 Rex
1095 4574 1224 4625 Iliitulein
1237 4576 1280 4626 the
1291 4576 1391 4641 printed

376 4636 544 4699 'prosper-uri,
557 4635 629 4684 llarl.
643 4640 698 4685 655.
886 4659 962 4703 tam,

374 4715 383 4742 ⁴
396 4714 451 4763 The
463 4715 690 4763 namfivewvem
700 4714 760 4764 hm
772 4722 797 4763 ¹⁰
809 4730 841 4763 ⁸¹¹
921 4751 931 4778 ⁸
942 4748 998 4798 The
1010 4750 1114 4814 locality
1126 4750 1149 4799 is
1167 4750 1271 4801 omitted
1289 4751 1316 4801 iu
1334 4752 1390 4803 MS.

342 4791 431 4840 earlier
447 4794 511 4847 dete.
519 4794 569 4842 and
581 4792 623 4841 the
635 4793 756 4855 compilet
766 4792 841 4855 again
889 4826 946 4875 nihl

343 4871 424 4917 «traua
444 4869 484 4918 his
502 4878 593 4919 matter
611 4870 675 4918 stom
694 4870 751 4920 MS.
774 4870 841 4920 Bibl.
950 4866 956 4877 '

343 4950 405 5013 llcg.
423 4954 451 4996 ta
466 4950 493 4999 ll.
505 4949 542 4999 ix.

377 5032 386 5056 ³
403 5030 471 5093 requi
485 5029 557 5094 lteyis
568 5028 595 5077 in
608 5029 650 5077 the
661 5028 759 5093 printed
769 5038 842 5079 texts.

968 4828 1031 4891 lteg.
1048 4834 1077 4876 1³
1090 4828 1119 4877 E.
1132 4828 1168 4878 ix.

921 4920 985 4972 ’linc
1006 4921 1169 4972 Purlicmcnto
1190 4924 1216 4987 ip
1232 4925 1275 4975 the
1293 4925 1392 4989 printed

889 5010 962 5051 texts.
