3750 6250
677 1084 1063 1139 ursronmsuonroaus
1344 1080 1386 1144 33

199 1274 314 1397 phffi.
332 1276 510 1415 gonastmio
529 1276 717 1416 collocarmpt,
740 1276 791 1333 ubi
809 1282 911 1417 poeted
918 1278 971 1333 illa
989 1295 1006 1333 s
1026 1282 1088 1417 totp
1107 1276 1258 1334 Conventu
1278 1278 1383 1419 pilliciis
1395 1283 1463 1336 AD.
1478 1292 1550 1339 1291.

354 1361 440 1417 'vinis
459 1368 491 1416 et
508 1363 598 1417 sacris
619 1363 649 1418 vi
674 1363 732 1418 'iis
750 1363 809 1417 assi
830 1382 868 1417 us
911 1362 1043 1418 erutione
1088 1381 1176 1418 onora
1189 1381 1234 1419 ur.

200 1415 273 1527 ἔξω
331 1445 396 1500 loco
414 1464 519 1519 eorpus
539 1381 868 1512 defertufflrondoniam
888 1447 940 1502 ubi
958 1447 1021 1501 Rex
1039 1464 1106 1501 oum
1121 1368 1189 1502 totab
1200 1448 1284 1517 regni
1302 1382 1383 1504 nebio-

320 1530 424 1605 litate
443 1531 586 1603 regnique
598 1531 783 1603 pontificibus
795 1537 825 1586 et
836 1531 975 1601 praelatis,
990 1531 1125 1586 occurrit.
1163 1531 1319 1587 Conditum
1337 1542 1383 1589 cst

330 1631 402 1685 ergo
416 1632 522 1688 corpus
537 1615 714 1671 aromatibus
733 1615 764 1669 in
778 1615 902 1670 ccclesia
912 1614 1173 1679 westmonasterii,
1187 1632 1255 1671 cum
1267 1634 1382 1672 summa

329 1699 459 1753 omnium
476 1700 642 1754 reverentia
652 1705 683 1754 ct
699 1700 816 1754 honore.
835 1698 893 1753 Cor
911 1715 981 1754 vero
999 1698 1030 1753 in
1048 1699 1135 1755 choro
1147 1699 1285 1755 Fratrum
1301 1699 1379 1756 Prte-

328 1782 492 1838 dieatorum
512 1784 668 1839 Londoniis
687 1789 732 1839 est
749 1784 910 1839 humatum.

364 1866 400 1921 In
418 1868 497 1922 omni
513 1867 577 1922 loco
595 1873 626 1922 et
642 1867 722 1932 villa,
743 1866 849 1937 quibus
870 1883 974 1937 corpus
993 1873 1175 1937 pausaverat,
1199 1867 1291 1937 jussit
1318 1868 1380 1924 ch

328 1968 445 2005 crucem
482 1953 557 2006 miro
586 1951 720 2007 tabulatu
749 1950 826 2021 erigi
856 1949 894 2005 od
924 1950 1047 2019 Reginae
1086 1952 1267 2016 memoriam,
1300 1958 1334 2007 ut
1362 1971 1381 2008 a

328 2036 545 2091 uansenntibus
569 2054 623 2108 pro
648 2036 711 2107 ejus
730 2035 827 2090 anima
844 2034 1032 2106 deprecetur;
1060 2036 1091 2090 in
1117 2053 1175 2107 qua
1199 2054 1285 2092 cruce
1310 2037 1380 2092 iecit

329 2118 505 2191 ¹imaginem
524 2120 646 2191 Reginus
664 2120 793 2191 depingi.

362 2203 481 2260 Transit
504 2223 597 2260 annus
624 2206 680 2260 iste
703 2222 798 2267 cerus,
819 2204 945 2259 sednon
964 2203 1133 2270 famelicus;
1161 2203 1256 2260 Sectis
1274 2204 1375 2260 turbu·

327 2286 440 2354 lentus;
460 2289 595 2358 Anglicis
613 2289 743 2344 vicissim
762 2288 846 2343 laetus
865 2293 895 2342 ct
912 2288 1016 2342 tristis.

199 2386 294 2439 unffi,
361 2374 447 2428 Anno
476 2374 580 2444 gratim
609 2373 765 2428 millesimo
795 2372 993 2427 ducentesimo
1022 2373 1210 2442 nonagesimo
1237 2372 1371 2437 secunde,
1386 2386 1509 2442 mum.

199 2470 219 2519 ς·
234 2460 266 2506 ¹³
327 2459 379 2529 qui
402 2464 449 2513 eat
472 2475 564 2513 annus
589 2458 674 2527 regni
700 2457 791 2527 Regis
823 2456 960 2512 Edwardi
984 2456 1078 2510 Primi
1102 2474 1196 2512 nonus
1231 2457 1370 2522 decimus,
1385 2454 1490 2534 domin

199 2522 237 2574 5¹·
327 2541 471 2597 Soldanus
496 2542 664 2605 Babilonioe,
690 2541 779 2611 lapsis
807 2540 869 2611 jam
897 2541 1010 2611 treugis
1034 2558 1101 2595 oum
1122 2540 1296 2596 Christianis
1320 2560 1373 2613 per
1385 2519 1467 2586 35³⁸·

325 2625 474 2681 biennium
503 2627 593 2690 initia‚
618 2643 722 2680 versus
745 2625 843 2679 Accon
866 2624 988 2680 tendens
1012 2643 1079 2679 curn
1102 2643 1209 2696 magno
1233 2627 1371 2691 exercitu,
1465 2670 1468 2674 .
1554 2653 1561 2678 ι

199 2698 308 2776 unffl‘
325 2710 356 2764 in
382 2711 446 2781 ipso
464 2711 576 2766 itinere
600 2710 740 2775 moritum
766 2709 850 2780 cujus
872 2709 960 2773 filius,
984 2708 1127 2765 Soldanus
1146 2710 1249 2774 iactus,
1275 2729 1372 2782 prose-

199 2806 218 2854 ς·
235 2797 265 2841 ¹³
325 2795 426 2865 quitur
444 2802 539 2866 coepta
559 2795 660 2866 patris,
682 2800 713 2849 et
732 2794 880 2849 civitatem
897 2795 996 2849 Accon
1016 2793 1150 2848 obsidens
1169 2812 1187 2849 a
1204 2802 1308 2864 quarto
1326 2796 1373 2851 die

199 2857 234 2908 ⁵¹·
324 2880 433 2934 mensis
452 2878 534 2943 Maii,
553 2896 606 2951 per
630 2878 730 2933 decem
754 2878 816 2933 dies
836 2878 986 2933 continuos
1005 2878 1163 2933 fortissime
1182 2882 1370 2950 oppugnavit.

325 2962 411 3018 Cives
429 2981 500 3018 vero
516 2963 643 3018 viriliter
660 2963 762 3017 urbem
781 2962 976 3026 defendentes,
995 2963 1112 3017 interim
1133 2962 1284 3019 thesauros
1304 2983 1372 3020 suos

324 3066 357 3103 ac
385 3066 506 3110 merces,
534 3054 787 3118 sacrosanctasquc
812 3047 962 3117 reliquias,
990 3063 1073 3101 senes
1092 3048 1180 3101 etium
1205 3056 1292 3119 atque
1322 3050 1371 3104 dc-

323 3134 407 3198 biles,
446 3134 584 3187 mulicres
615 3139 644 3187 ct
679 3132 824 3203 parvulos,
857 3132 988 3185 fecerunt
1020 3131 1051 3185 in
1088 3130 1218 3202 Cyprum
1253 3134 1371 3203 navigio

323 3218 479 3289 deportari.
516 3217 604 3272 Multi
622 3217 793 3280 etiamtiam
809 3215 921 3286 pedites
934 3233 1022 3286 quum
1040 3217 1163 3286 equites,
1178 3215 1368 3282 discedentes,

323 3302 359 3357 ad
384 3300 581 3357 defensionem
605 3301 733 3356 civitatis
758 3300 941 3370 reliquerunt
964 3304 1076 3354 tontum
1101 3299 1254 3355 duodecim
1277 3301 1371 3357 millia

321 3394 509 3441 armatorum.
556 3384 775 3454 Quintadecima
791 3402 861 3439 vcro
879 3383 927 3437 die
945 3383 1063 3448 mensis,
1084 3390 1144 3439 tam
1169 3402 1259 3455 gravo
1283 3385 1369 3440 dede-

320 3477 390 3526 runt
410 3470 562 3526 Sari-eccui
582 3468 732 3533 insultum,
753 3468 839 3539 quod,
863 3467 983 3522 cedente
1004 3468 1063 3522 fere
1084 3466 1177 3537 Regis
1196 3467 1286 3539 Cypri
1304 3487 1369 3525 cus·

320 3555 408 3619 todia,
428 3555 577 3610 civitatem
603 3554 768 3617 intrassent,
796 3553 853 3607 nisi
881 3552 1043 3607 obscuritas
1068 3553 1160 3607 noctis
1185 3552 1370 3625 alienumque

320 3638 483 3694 subsidium
501 3638 671 3694 obstitisset.
709 3637 850 3707 Denique,
870 3636 932 3691 Rex
948 3635 1048 3707 Cypri,
1068 3636 1223 3692 commissa
1240 3639 1371 3694 custodia

320 3740 373 3777 sua
390 3723 524 3778 ministro
543 3720 658 3777 Militiae
677 3721 788 3775 Domus
807 3721 1040 3781 Teutonicorurn,
1055 3721 1226 3791 promittens
1239 3739 1270 3777 ae
1287 3740 1370 3777 mane

320 3807 493 3870 rediturum,
513 3804 648 3876 'aufugit
664 3806 695 3860 in
714 3805 852 3877 Cyprum.
892 3803 1045 3859 Sarraceni
1063 3809 1162 3859 autem
1182 3805 1316 3862 videntes
1340 3808 1371 3863 in

321 3891 447 3946 martino
465 3890 626 3945 custodiam
650 3889 742 3958 Regis
762 3888 852 3960 Cypri
876 3888 1046 3943 destitutum
1072 3905 1107 3942 ex
1130 3896 1213 3960 parte
1236 3890 1297 3956 illa,
1317 3891 1371 3946 im·

320 3970 399 4043 pleto
424 3972 540 4034 iossnto,
568 3969 695 4041 ingressi
723 3975 791 4024 sunt
819 3968 931 4033 urbem,
962 3967 1124 4039 proelioque
1154 3970 1274 4041 ancipiti
1304 3988 1370 4025 cunr

321 4055 494 4112 Christianis
506 4055 619 4110 duobus
637 4054 749 4117 diebus,
766 4072 843 4109 nuuc
860 4053 928 4117 hiis,
948 4070 1024 4107 nunc
1043 4051 1113 4116 illis,
1133 4054 1368 4124 prevalentibus,

320 4140 502 4195 dimicarunt.
540 4138 640 4194 Tertia
656 4137 774 4194 tandem
791 4137 848 4202 die,
868 4138 1048 4208 irrumpente
1065 4153 1118 4207 per
1135 4144 1249 4207 portam
1270 4138 1369 4194 Sancti

319 4224 438 4280 Antonii
451 4225 676 4279 Sarracenorum
692 4221 889 4285 multitudine,
904 4218 1123 4290 interiectisque
1144 4221 1317 4292 Templariis
1340 4229 1370 4279 et

320 4308 537 4380 Hospitalariis,
558 4307 660 4362 urbem
684 4306 810 4377 capiunt,
832 4322 931 4359 muros
955 4303 1019 4375 ejus
1031 4322 1099 4360 cum
1117 4305 1257 4368 turribus,
1278 4306 1368 4362 eccle-

320 4393 436 4464 siasque
464 4408 532 4446 cum
557 4390 690 4445 domibus
716 4388 792 4451 eliis,
818 4387 951 4443 funditus
975 4392 1148 4442 evertentes.
1198 4387 1369 4446 Potriarcba

318 4494 396 4540 vero,
423 4476 474 4546 qni
499 4474 536 4529 de
563 4473 670 4529 Ordine
697 4473 927 4527 Praedicatcrum
953 4472 1057 4535 luerat,
1085 4477 1116 4526 et
1137 4471 1273 4526 Minister
1292 4474 1367 4529 Hos·

319 4558 426 4630 pitelis,
446 4558 574 4614 letaliter
590 4557 745 4621 vulnerati,
764 4557 851 4611 tracti
869 4573 887 4611 a
905 4556 966 4612 suis
985 4554 1016 4609 in
1033 4553 1229 4612 dromundum
1240 4557 1270 4611 in
1282 4559 1366 4624 mari,

319 4661 385 4699 cnm
402 4642 505 4698 multis
523 4641 599 4705 aliis,
618 4641 776 4713 perierunt.

352 4972 358 5002 ¹
365 4969 497 5035 suspirem
510 4966 537 5016 in
549 4964 613 5031 orig.
836 4961 842 5030 Ι
888 4961 996 5028 ²offa9it
1007 4961 1035 5011 in
1046 4961 1110 5028 orig.
