3750 6250
754 1094 1140 1149 n1sron1asuo1ncsua
1408 1084 1474 1149 tra

288 1291 312 1343 s,
324 1291 394 1346 nihl,
428 1287 512 1335 sueta
531 1286 632 1338 contra
657 1300 776 1339 suorum
802 1282 951 1340 libertates
973 1284 1105 1355 inquirit,
1126 1300 1193 1340 cum
1211 1284 1290 1339 omui
1308 1284 1393 1340 domo
1411 1291 1642 1351 sua,A.D.13t9.

288 1375 320 1423 ³8·
335 1365 366 1409 ¹3
429 1365 566 1422 universa
577 1367 699 1431 familia,
712 1374 831 1440 totoque
844 1367 982 1434 Consilio,
997 1368 1032 1424 de
1052 1374 1131 1424 terra
1149 1386 1203 1423 sua
1224 1369 1255 1425 vi
1278 1371 1475 1425 communium

295 1428 333 1477 ¹¹·
429 1455 474 1504 est
491 1451 638 1523 expulsus.
675 1453 715 1507 Et
732 1471 798 1507 mox
822 1453 967 1508 exercitus
994 1453 1088 1525 plcbis
1118 1453 1176 1508 cito
1201 1452 1342 1523 deligitur
1368 1454 1476 1525 viginti

428 1538 564 1603 millium,
589 1547 620 1595 et
643 1557 677 1594 co
698 1541 834 1612 amplius,
859 1541 991 1596 virorum
1013 1542 1049 1596 de
1077 1541 1284 1596 communitate
1304 1541 1473 1605 electorum,

427 1622 465 1677 ad
489 1623 709 1679 custodiendum
734 1625 805 1679 fines
830 1625 934 1696 patrias
960 1626 996 1680 ab
1023 1625 1143 1681 incursu
1169 1625 1327 1681 lavantium
1355 1625 1473 1689 Comiti,

427 1723 480 1761 suo
504 1706 643 1763 videlicet
667 1708 784 1763 domino
808 1709 945 1773 naturali,
966 1714 996 1764 et
1021 1708 1057 1804 qd
1084 1707 1275 1763 obsidendum
1310 1707 1402 1780 ¹[vol]
1429 1728 1475 1765 ca·

426 1791 564 1863 piendum
588 1792 713 1847 eundem
737 1791 891 1856 Comitem,
914 1794 940 1848 si
964 1792 1178 1863 persistendum
1206 1792 1329 1865 inceptis
1347 1800 1473 1865 putaret.

426 1875 559 1941 Interim,
586 1882 620 1932 ut
649 1877 767 1941 assolet,
819 1877 893 1933 fiunt
927 1876 1107 1948 direptiones
1138 1883 1170 1931 et
1204 1878 1310 1948 proedss
1332 1877 1475 1933 bonorum

426 1960 548 2016 Comitis
572 1961 688 2032 sibique
720 1963 890 2026 faventium,
913 1961 1049 2017 incendia
1078 1961 1265 2035 praediornm,
1294 1967 1402 2017 mortes
1432 1963 1474 2019 fa·

424 2045 607 2111 ululantium,
628 2053 659 2102 et
676 2053 780 2102 cuncta
798 2064 863 2117 quae
893 2046 941 2101 vol
967 2045 1033 2102 odio
1060 2063 1249 2119 personarum
1280 2047 1344 2118 geri
1369 2046 1472 2112 solent,

424 2128 470 2185 vel
488 2130 618 2185 vindicta
629 2130 782 2186 victorum.

460 2214 558 2269 Sensit
568 2214 666 2269 damni
678 2221 791 2285 partem
808 2214 1002 2271 Walcrannus
1015 2214 1120 2271 Comes
1134 2215 1233 2271 Sancti
1246 2214 1341 2279 Pauli,
1356 2215 1407 2286 qui
1420 2233 1473 2287 per
1486 2232 1633 2285 Theomnt

423 2298 500 2351 idem
518 2304 633 2369 tempus
650 2299 687 2353 ad
700 2305 798 2370 partes
817 2299 884 2354 illas
903 2306 1095 2363 concesserat,
1115 2300 1153 2354 ad
1170 2300 1358 2354 muniendum
1377 2308 1473 2356 castra
1485 2302 1516 2351 de
1528 2300 1599 2351 Saint

423 2378 523 2432 suain
550 2377 610 2432 illis
629 2379 763 2449 partibus
781 2379 949 2433 constituta.
980 2378 1076 2433 ⁹Nam
1094 2397 1160 2433 cum
1179 2380 1388 2451 comperissent
1405 2399 1472 2435 eum
1486 2367 1533 2416 1³⁰¹
1544 2368 1567 2417 5⁸

422 2461 520 2515 favere
537 2462 614 2533 parti
633 2462 766 2527 Comitis,
780 2479 846 2517 mox
859 2463 896 2517 ad
915 2462 1061 2533 quoddam
1079 2463 1143 2535 ejus
1161 2464 1324 2518 manerium
1343 2465 1472 2519 liniversi
1485 2436 1596 2551 aeffle

422 2561 453 2599 se
471 2547 651 2601 sancierunt
668 2546 700 2601 in
717 2546 825 2618 spiritu
850 2546 958 2601 suroris
977 2551 1007 2601 et
1025 2546 1201 2613 iracundiae;
1222 2554 1252 2602 ct
1278 2553 1373 2601 totum
1398 2546 1472 2602 illud
1485 2582 1584 2618 conce,

420 2630 572 2701 proedium,
587 2630 664 2702 quod
677 2631 707 2685 in
720 2630 851 2685 aedificiis
864 2636 894 2684 et
905 2630 1123 2701 pulchritudine
1135 2631 1233 2686 omnia
1250 2630 1412 2687 Comitatus
1425 2649 1471 2686 ex·
1485 2634 1553 2684 sions
1564 2642 1590 2685 to
1599 2636 1639 2687 hia

420 2713 541 2769 cedebat
552 2715 671 2787 praedia,
685 2714 747 2770 solo
759 2714 953 2785 complanant,
974 2732 1031 2769 non
1043 2715 1242 2786 relinquentes
1255 2716 1370 2786 tignum
1384 2734 1471 2787 super
1484 2703 1578 2766 P00910·

420 2798 571 2869 parietem,
600 2806 652 2853 aut
675 2798 805 2870 lapidem
832 2815 921 2869 super
946 2797 1092 2868 lapidem
1126 2804 1161 2854 ut
1196 2800 1331 2854 omnibus
1357 2799 1471 2856 luceret

421 2882 528 2937 clarius
547 2882 613 2937 illos
632 2883 662 2937 iu
680 2883 767 2938 corde
786 2888 868 2938 etex
886 2880 974 2936 corde
992 2881 1059 2936 odio
1070 2884 1208 2953 porsequi
1220 2883 1370 2938 dominum
1384 2902 1471 2939 suum

422 2965 575 3028 Comitem,
607 2972 637 3021 et
661 2984 760 3020 omnes
785 2966 836 3037 qui
867 2966 894 3019 ei
921 2965 1121 3020 familiaritate
1146 2966 1245 3037 aliqua
1259 2966 1469 3038 jungebantur.

421 3048 496 3105 Cum
515 3051 616 3119 igitur,
636 3050 744 3121 clapsis
766 3050 830 3119 jam
859 3048 962 3104 multis
989 3048 1101 3113 diebus,
1132 3048 1236 3104 Comes
1261 3057 1395 3107 cerneret
1421 3069 1470 3107 eos

422 3135 451 3188 in
466 3153 519 3189 sua
532 3152 719 3206 perseverare
737 3135 907 3206 pertinacia,
922 3141 952 3188 et
970 3134 1053 3205 prius
1072 3133 1147 3188 mori
1160 3134 1237 3188 velle
1251 3153 1339 3206 quam
1352 3154 1471 3192 consue·

421 3219 538 3273 tudines
568 3238 637 3274 suas
667 3219 762 3274 avitas
792 3219 936 3282 amittere,
964 3224 994 3271 et
1017 3217 1081 3289 ipse
1105 3229 1247 3290 pertaesus
1266 3219 1364 3275 damni
1391 3222 1468 3292 quod

420 3303 522 3374 patrini
553 3301 731 3357 inferebatur
754 3302 851 3357 medio
881 3307 1021 3372 tempore,
1048 3301 1142 3357 mittit
1165 3303 1202 3357 ad
1226 3320 1275 3358 eos
1300 3305 1350 3375 qui
1369 3322 1470 3361 eorum

420 3387 571 3459 palparent
597 3387 718 3450 animos,
745 3387 770 3440 si
795 3386 869 3440 forte
894 3385 1012 3440 iuterim
1043 3385 1109 3439 flexi
1140 3387 1273 3452 luissent,
1300 3387 1347 3443 vel
1371 3389 1470 3444 labore

420 3471 534 3525 militiae
564 3477 615 3526 aut
640 3487 832 3542 expensarum
863 3469 1014 3524 nimietate
1038 3469 1135 3525 animo
1159 3472 1362 3529 concidissent.
1412 3474 1470 3530 Sed

422 3556 471 3609 ubi
491 3555 594 3610 didicit
611 3573 661 3610 eos
679 3554 761 3611 nullo
779 3553 866 3608 modo
884 3554 1020 3617 deflexos,
1040 3554 1130 3610 nullis
1147 3555 1298 3611 laboribus
1317 3559 1467 3629 fatigabis,

419 3639 551 3694 decernit
568 3638 815 3693 'condescendere
834 3654 954 3693 suorum
977 3637 1200 3708 ⁴[naturalium]
1225 3641 1379 3698 voluntati.
1430 3643 1470 3700 Et

420 3721 529 3776 idcirco
543 3722 726 3777 renunciavit
743 3721 814 3785 illis,
838 3738 869 3775 se
891 3721 953 3775 fore
978 3727 1113 3792 paratum
1136 3723 1174 3777 ad
1191 3724 1406 3796 praesidendum
1426 3729 1468 3784 cis

419 3816 454 3860 ut
473 3805 607 3859 dominus
631 3805 774 3876 placidus,
793 3803 840 3859 ‘si
865 3805 923 3874 ipsi
942 3805 973 3858 in
993 3805 1108 3860 certeris
1132 3806 1219 3862 modo
1246 3816 1384 3866 consueto
1412 3813 1468 3868 sibi

419 3889 600 3944 submittant.
638 3890 700 3959 Ipsi
719 3907 790 3943 vero
809 3905 995 3959 nequaquam
1013 3906 1045 3943 se
1065 3889 1260 3961 subjiciendos
1285 3896 1466 3962 renunciant,

419 3973 476 4027 nisi
495 3991 579 4026 omno
600 3972 764 4026 Consilium
785 3970 897 4043 ⁶[ejus]
920 3981 1107 4028 removeatur
1132 3975 1168 4029 ab
1194 3977 1267 4048 ipso,
1290 3984 1320 4033 et
1336 3982 1467 4051 recipere

419 4060 513 4115 solum
525 4061 598 4115 velit
609 4060 790 4116 consiliarios
804 4079 839 4115 ex
851 4061 1014 4116 communis
1032 4062 1116 4132 vulgi
1135 4062 1269 4131 decreto;
1290 4074 1320 4121 ot
1338 4067 1465 4140 insuper,

419 4153 453 4200 nt
470 4145 567 4200 undat
584 4146 615 4200 in
633 4163 737 4200 manus
756 4144 851 4217 plebia
876 4146 956 4216 ipsos
975 4145 1026 4216 qui
1044 4146 1212 4217 hujusmodi
1229 4151 1466 4221 perturbationis,

418 4247 469 4285 seu
493 4231 703 4294 commotionis,
732 4247 820 4286 causa
846 4230 937 4285 fuero.
976 4229 1080 4286 (lomes
1106 4231 1208 4302 igitur,
1240 4233 1350 4288 nnllam
1379 4235 1467 4291 aliam

453 4515 592 4580 'Supplicd
618 4516 684 4565 from
705 4514 773 4565 Bibl.
800 4514 864 4580 Reg.
891 4521 920 4564 13
1000 4510 1219 4577 ⁴Suppliedsrour
1236 4513 1377 4581 BiblReg.
1393 4516 1464 4568 1311.

418 4595 449 4646 Ε,
461 4597 510 4647 in:
528 4595 589 4645 etin
601 4596 644 4646 the
655 4595 755 4659 printed
766 4601 842 4645 texts,
967 4589 1008 4640 ix:
1029 4591 1136 4642 omitted
1144 4593 1171 4643 in
1183 4593 1226 4642 the
1237 4593 1336 4656 printed
1347 4601 1420 4646 texts.

441 4674 531 4724 ²Nam
560 4675 664 4725 omitted
695 4674 722 4724 in
751 4674 794 4725 the
821 4674 921 4739 printed
1000 4668 1064 4718 ‘sed
1072 4671 1096 4718 εἰ
1104 4671 1157 4735 ipa
1171 4671 1198 4720 ia
1209 4671 1252 4721 tbe
1262 4672 1362 4736 printed
1372 4681 1447 4726 texts.

419 4762 494 4804 texts.
999 4748 1136 4813 ‘Supplicd
1162 4752 1227 4801 stom
1250 4751 1317 4803 Bibl.
1345 4753 1406 4820 Reg.
1433 4762 1463 4807 13

445 4820 601 4870 'descendere
609 4820 762 4887 inorignnd
770 4822 814 4871 the
822 4820 920 4886 printed
966 4827 995 4876 a.
1024 4828 1059 4877 ix.
1103 4830 1214 4880 Omitted
1241 4830 1269 4880 in
1296 4832 1338 4883 the
1364 4835 1463 4899 printed

416 4907 484 4950 texts
495 4921 502 4959 t
515 4902 643 4952 corrected
659 4901 725 4951 stom
741 4901 808 4951 Bibl.
819 4902 876 4965 Reg
890 4907 919 4950 13
965 4914 1039 4957 texts.

415 4979 482 5032 aix
