3750 6250
675 1111 1063 1165 msroumsneucum.
1333 1102 1395 1167 129

286 1303 308 1356 l.
341 1297 596 1370 perpendentibus,
625 1298 752 1353 nondum
778 1300 934 1370 quiequam
960 1319 1046 1355 suum
1073 1301 1232 1371 ingenium,
1265 1318 1391 1367 sensum,
1405 1310 1474 1364 ΑΒ.
1488 1317 1559 1363 lala.

341 1383 505 1447 eonsilium,
537 1383 584 1437 vel
614 1384 817 1455 provisionem,
848 1384 1048 1456 praevaluisse,
1081 1392 1114 1439 ut
1138 1386 1248 1441 dictum
1272 1387 1393 1442 Petrum

340 1474 475 1523 arcerent
491 1486 510 1522 a
526 1468 611 1537 regia
627 1468 772 1524 comitiva.
819 1468 970 1538 Indignati
994 1478 1062 1525 sunt
1080 1470 1172 1539 igitur
1190 1471 1275 1541 regni
1292 1478 1391 1543 poten-
1405 1484 1564 1537 counoelflof

341 1556 395 1616 tes,
415 1559 446 1606 et
462 1551 691 1623 disperquirunt,
720 1553 845 1623 qualiter
865 1553 980 1607 meliori
997 1553 1082 1608 modo
1100 1554 1212 1624 possint
1229 1571 1296 1609 eum
1314 1572 1390 1609 com·
1404 1552 1446 1601 the
1458 1555 1552 1613 n⁰b10⁸2

340 1636 423 1690 muni
440 1636 561 1691 oonsilio
578 1635 665 1689 finem
677 1637 825 1708 imponere
837 1637 944 1692 suturas
955 1637 1124 1692 turbationi.
1156 1636 1273 1691 Bellum
1287 1655 1390 1709 nempe
1403 1635 1436 1668 ⁰¹¹
1449 1620 1530 1708 ‘lale‘

340 1720 371 1775 in
400 1721 495 1792 patria
524 1720 666 1776 suscitare
703 1722 852 1785 timebant,
885 1721 1055 1792 chcmque
1083 1722 1244 1792 iuquietare
1274 1722 1390 1792 publice
1403 1694 1529 1804 ml*

339 1805 522 1860 verebantur.
560 1805 677 1870 Tamen,
692 1805 797 1861 librato
809 1805 963 1876 utrobique
975 1805 1113 1877 periculo,
1133 1804 1284 1859 inveniunt
1302 1806 1388 1877 quod,

339 1888 454 1945 vivente
484 1889 581 1952 Petro,
619 1906 683 1944 esse
721 1907 779 1944 non
814 1890 921 1961 poterit
950 1907 1006 1960 pax
1042 1890 1071 1943 in
1108 1906 1208 1959 regno,
1246 1905 1298 1944 nec
1328 1890 1391 1944 Rex

338 1973 485 2028 abundare
510 1973 656 2037 thesauro,
682 1973 730 2027 vel
749 1973 864 2043 Regina
890 1972 1017 2041 gaudere
1038 1972 1129 2042 Regis
1158 1989 1255 2026 amore
1282 1972 1388 2028 debito.

339 2056 472 2128 (lamque
506 2057 617 2113 <liutius
653 2058 810 2129 prmterita,
847 2058 1011 2128 prasentia,
1048 2057 1096 2110 vel
1133 2056 1233 2111 sutura
1260 2056 1391 2127 pericula

339 2141 554 2212 ponderassent,
576 2141 692 2196 tandem
709 2149 825 2213 reperto
844 2141 974 2204 consilio,
999 2147 1131 2196 statuunt
1148 2141 1246 2196 omnia
1262 2146 1391 2196 extrema

339 2225 425 2279 citius
450 2226 586 2296 experiri,
607 2243 703 2296 quam,
724 2232 758 2279 nt
774 2226 924 2289 hactenus,
944 2242 996 2295 por
1018 2225 1212 2295 alienigenam
1238 2224 1386 2296 vilipendi.

338 2307 461 2380 Eligant
479 2313 550 2379 ergo
567 2309 671 2363 ducem
688 2326 742 2379 pro
761 2310 860 2363 futuro
883 2310 1000 2379 negotio
1019 2309 1176 2364 Dominum
1194 2308 1334 2363 'l'bomam
1351 2310 1388 2364 de
1400 2308 1512 2361 Thomas

338 2395 515 2460 lancastriu,
535 2396 672 2450 thesauro
693 2396 823 2461 divitem,
844 2397 934 2468 stirpe
952 2398 1087 2462 nobilem,
1112 2396 1201 2450 armis
1226 2402 1386 2461 strenuum,
1400 2375 1460 2493 {ful
1472 2379 1503 2428 ⁰¹⁵

337 2480 467 2534 moribus
485 2490 516 2534 ct
529 2479 646 2549 justitia
663 2480 899 2551 praepollentem
919 2480 1004 2551 cujus
1031 2480 1175 2551 originem
1192 2479 1240 2535 bic
1258 2485 1387 2536 retexero
1400 2453 1536 2562 eloeffim

338 2562 460 2633 dignum
472 2565 590 2619 duxi—
1399 2576 1466 2626 tbeir
1473 2579 1546 2630 chief.

286 2660 326 2704 ve·
373 2647 520 2703 Henricus
538 2648 601 2702 Rex
617 2649 744 2717 Anglioe,
764 2649 879 2703 Tertius
905 2667 923 2704 a
942 2650 1128 2721 Conqumstu,
1149 2666 1184 2703 ex
1206 2666 1295 2704 uxore
1314 2650 1386 2721 legi·
1400 2659 1560 2713 Aeeountof

286 2717 316 2829 ἲ·
337 2732 410 2787 tima
427 2732 499 2787 duos
518 2733 647 2803 suscepit
663 2734 748 2796 lilios,
768 2733 943 2788 Edwardum
961 2734 1197 2805 primogenitum,
1215 2740 1245 2789 et
1261 2735 1389 2789 Edmun-
1401 2727 1461 2778 him·

337 2815 415 2871 dum.
454 2816 605 2880 Eduardo,
633 2817 689 2871 sibi
715 2835 893 2881 successuro,
914 2818 1037 2873 contulit
1055 2818 1386 2885 CostriaeGomitatuu13

338 2899 499 2964 Edmundo,
510 2901 620 2970 juniori
633 2901 702 2965 filio,
717 2901 907 2958 Consulatum
919 2902 1098 2957 Leucastrim
1119 2903 1289 2972 assignavit.
1329 2903 1388 2957 'Ex

337 2992 410 3056 post.
430 3003 498 3039 eum
516 2985 620 3040 Comes
639 2984 824 3056 Leyeestrim,
846 2986 955 3057 Symou
973 2986 1009 3039 de
1022 2986 1120 3041 Monte
1135 2986 1225 3050 Porti,
1241 2992 1271 3040 et
1284 2987 1386 3041 Comes

337 3068 372 3123 de
390 3069 543 3133 Ferrariis,
571 3070 774 3126 occubuissent
801 3071 832 3125 in
857 3069 934 3125 bello
958 3076 1058 3125 eontra
1076 3070 1188 3140 Regem
1206 3080 1284 3126 moto
1310 3070 1387 3140 apud

337 3153 490 3219 Eveshem,
511 3161 541 3210 et
567 3171 667 3209 eorum
692 3154 854 3209 Comitatus
880 3154 917 3208 ud
942 3172 1059 3208 manum
1078 3154 1169 3225 Regis
1188 3155 1311 3209 luissent
1334 3174 1386 3227 pcr

336 3239 482 3294 eskeatem
500 3238 638 3302 devoluti,
659 3239 721 3293 Rex
745 3239 884 3310 praedicto
911 3237 1065 3293 Edmundo
1083 3246 1240 3309 utrumque
1265 3240 1386 3295 contulit

337 3321 535 3386 Consulatum,
555 3323 612 3377 sibi
630 3330 661 3378 et
677 3323 841 3378 haeredibus
854 3323 915 3377 suis
931 3322 999 3391 jure
1014 3330 1154 3394 perpetuo
1165 3323 1384 3394 possidendum

336 3407 394 3479 qui,
415 3407 485 3463 lieet
502 3413 562 3462 tres
581 3406 752 3470 Comitatus,
775 3406 912 3462 videlicet
935 3407 1121 3470 Lancastn‘ae,
1147 3407 1330 3478 Leycestriee,
1357 3415 1387 3464 et

335 3491 369 3546 de
387 3492 541 3554 Ferrariis,
561 3491 712 3553 obtineret,
737 3508 842 3545 nomen
865 3497 963 3546 tamen
987 3491 1164 3546 Lancastriae
1188 3492 1309 3547 retinuit
1330 3493 1385 3547 sibi

335 3593 457 3647 semper.
503 3575 594 3631 Duxit
611 3582 709 3630 autem
726 3575 758 3628 in
775 3592 894 3629 uxorem
912 3574 1064 3628 mulierem
1083 3574 1218 3638 nobilem,
1242 3576 1385 3648 quondam

335 3658 423 3730 Regis
441 3658 578 3714 Navarise
597 3660 760 3730 conjugem,
779 3677 873 3729 nuper
891 3659 947 3713 viri
961 3659 1063 3713 solatio
1082 3658 1260 3716 destitutam.
1293 3661 1385 3733 Cujus

336 3743 401 3808 filia,
415 3744 509 3798 haeres
528 3742 630 3797 effecta
645 3743 791 3805 Novaria,
806 3743 866 3797 filio
890 3749 920 3797 et
938 3742 1048 3797 heredi
1067 3742 1158 3815 Regis
1177 3732 1307 3800 Frdneim
1325 3764 1384 3800 ma·

334 3828 455 3892 ritatur3
476 3826 662 3896 quamobrem
689 3844 724 3880 ox
755 3834 824 3882 tuno
848 3844 972 3896 regnum
990 3825 1126 3882 Novanius
1144 3845 1234 3899 regno
1255 3829 1385 3885 Franeiae

334 3919 376 3968 est
392 3912 518 3967 unitum.
572 3909 680 3966 Gemuit
697 3916 795 3965 autem
817 3928 851 3964 ex
871 3910 949 3965 dieta
966 3910 1082 3965 domina
1099 3912 1239 3967 Thomam
1257 3913 1292 3967 de
1312 3914 1384 3968 Lan-

334 3997 447 4058 eastria,
477 3994 513 4048 de
532 4011 589 4065 quo
609 3994 642 4048 tlt
660 4011 771 4058 sermm
798 4000 827 4049 et
845 3993 917 4048 duos
940 3995 1012 4049 elios
1034 3995 1109 4050 filios
1129 3996 1250 4061 nobiles,
1279 3997 1384 4052 Henri·

334 4097 397 4134 eum
416 4078 539 4142 seilicet,
560 4087 590 4133 et
602 4077 622 4132 J
623 4078 773 4132 ohannem.
812 4075 868 4144 Qui
887 4095 996 4140 omnes,
1011 4095 1046 4132 ex
1063 4084 1146 4150 parte
1158 4080 1260 4135 matris
1274 4098 1382 4143 eorum,

335 4163 436 4219 iratres
457 4170 541 4218 erant
560 4162 680 4232 Regium
706 4159 907 4215 Francorum,²
951 4160 1049 4233 Igitur
1067 4180 1134 4217 oum
1159 4162 1329 4218 Edmundus
1354 4164 1384 4217 iu

335 4254 479 4304 senectuto
499 4247 574 4301 bona
598 4246 745 4299 hominem
775 4245 912 4309 exuisset,
944 4246 1078 4310 Thomas,
1107 4248 1175 4317 jure
1199 4248 1384 4301 haereditario

336 4331 435 4387 Comes
461 4331 646 4395 Loneastriae,
676 4329 861 4400 leycestriae,
890 4336 920 4384 et
945 4328 981 4383 dc
1006 4330 1158 4394 Perrasiis,
1185 4338 1230 4385 est
1253 4331 1381 4385 effectus

336 4415 474 4472 Processu
493 4414 640 4485 temporis,
661 4413 756 4468 dictus
779 4412 903 4466 Thomas
921 4413 1013 4467 liliam
1037 4415 1152 4468 unicam
1172 4414 1292 4468 Comitis
1315 4415 1382 4468 Lin-

336 4501 432 4555 eolnim
446 4498 641 4570 desponsavit,
661 4496 806 4559 videlicet,
827 4496 947 4550 Heurici
967 4496 1098 4562 ‹leLeci3
1118 4497 1203 4561 unde,
1224 4496 1259 4550 de
1277 4516 1383 4568 magno

337 4585 423 4655 major
442 4583 571 4645 effectus,
597 4588 663 4652 post
682 4581 832 4635 decessum
854 4579 924 4634 dieti
945 4580 1067 4635 Comitis
1087 4580 1305 4645 Lincolniensis‚
1332 4585 1383 4655 qui

337 4669 419 4723 etiem
438 4674 468 4723 et
487 4666 649 4722 Sarisbirim
669 4664 772 4720 Comes
793 4664 858 4729 luit,
885 4664 1013 4734 quinque
1033 4663 1230 4718 comitatuum
1248 4665 1383 4724 dominus

366 4915 422 4966 ¹Ee
432 4915 460 4965 in
471 4915 514 4965 the
524 4914 623 4978 printed
634 4921 709 4964 texts.
880 4910 976 4975 though
1000 4909 1043 4959 the
1061 4918 1168 4961 aeeoum
1187 4912 1265 4978 giren
1286 4912 1308 4962 is
1331 4913 1382 4962 vir-

365 4995 439 5045 ²'l'be
465 4994 591 5058 language
613 4992 644 5041 os
662 4991 831 5042 'Il-okelorre's
881 4991 961 5056 tually
971 4990 1014 5041 the
1022 5004 1096 5040 same.

339 5075 456 5124 namuro
467 5074 489 5123 is
500 5071 636 5123 somevhat
643 5104 646 5109 ·
654 5070 741 5123 varied
751 5069 811 5119 bere
823 5091 830 5126 t

1235 5167 1248 5214 1
