3750 6250
681 1107 847 1160 msromn
868 1109 1077 1160 suendum
1334 1097 1400 1167 417

199 1280 242 1333 ts.
253 1281 322 1335 Bibl.
352 1284 521 1340 solemniter
537 1284 667 1341 celebrat
689 1304 770 1341 more
792 1285 917 1342 Abbatis
941 1286 1008 1352 loci,
1034 1304 1124 1358 agens
1142 1285 1221 1341 diem
1238 1286 1399 1343 solemnem
1408 1292 1476 1347 M).
1490 1298 1561 1351 1379.

199 1351 247 1414 Μ’
263 1356 293 1399 ¹³
351 1369 382 1423 in
399 1369 562 1435 condensis,
581 1387 639 1425 non
656 1376 755 1425 tamen
772 1389 866 1442 nsque
885 1371 921 1425 ad
939 1388 1029 1426 comu
1047 1371 1158 1435 altaris,
1179 1370 1232 1426 sed
1249 1387 1342 1442 usque
1361 1370 1398 1425 ad

199 1433 265 1468 ‘⁹¹¹'
349 1454 429 1525 ipsas
445 1471 562 1510 mensae
580 1460 611 1510 et
627 1455 803 1521 convivium,
824 1454 909 1512 ¹cum
933 1474 1041 1528 magua
1063 1456 1167 1526 utique
1185 1472 1271 1512 sexus
1287 1456 1397 1512 utrius-

350 1556 407 1609 que
425 1538 590 1610 frequentia
607 1546 695 1609 atque
715 1540 831 1611 plausu.

384 1621 443 1678 Sed
466 1641 524 1678 non
541 1623 593 1677 diu
617 1623 699 1678 istud
723 1624 865 1694 gaudium
888 1624 984 1688 durat,
1012 1623 1084 1695 quin
1108 1623 1290 1696 perturbatio
1308 1629 1543 1695 atqueBnmfelde

348 1705 445 1763 luctus
469 1707 533 1779 ejus
557 1714 687 1763 extrema
709 1715 840 1780 occupat.
882 1707 961 1762 Nam
983 1708 1071 1779 paulo
1094 1714 1170 1779 post,
1195 1708 1310 1779 regales
1333 1698 1556 1764 temltmtetl

346 1790 456 1846 milites
472 1809 560 1862 qnam
574 1791 723 1861 armigeri,
742 1809 810 1846 cum
827 1791 990 1856 lictoribus,
1006 1791 1044 1846 ad
1057 1791 1192 1863 Burgum
1208 1791 1392 1857 conveniunt,

346 1881 376 1929 et
396 1875 583 1930 Edmundum
612 1876 675 1931 eine
701 1894 809 1947 magna
830 1875 1000 1931 difficultate
1028 1893 1127 1931 secum
1151 1875 1262 1931 ducunt
1287 1877 1324 1931 ed
1349 1894 1393 1932 re-

346 1959 545 2029 spondendum
562 1959 639 2030 Regi
664 1977 752 2031 super
769 1959 938 2031 praemiseis.
975 1957 1124 2031 'Egressa
1140 1966 1238 2015 autem
1256 1977 1322 2014 cum
1340 1960 1392 2015 illo

346 2043 498 2098 Edmnndo
514 2062 583 2115 pars
608 2043 775 2100 Conventus
793 2062 859 2114 quae
879 2043 936 2099 sibi
961 2044 1084 2107 favebat,
1105 2045 1198 2099 secuti
1222 2050 1290 2099 sunt
1307 2044 1392 2099 illum

346 2128 477 2183 monachi
501 2129 580 2183 circa
603 2127 703 2184 decem
726 2134 757 2183 et
774 2134 848 2183 octo.
886 2127 1019 2199 Cumque
1046 2128 1083 2182 cd
1100 2128 1391 2184 westmonasterium

345 2212 534 2282 pervenisset,
551 2212 712 2283 requisitus
728 2218 773 2266 est
787 2230 805 2266 a
821 2211 1012 2276 Cancellerio,
1026 2210 1150 2266 Domino
1162 2211 1288 2266 Ricardo
1301 2212 1391 2267 Scrob

345 2296 449 2359 milite,
469 2313 522 2350 cur
540 2296 603 2350 sine
621 2295 741 2351 licentia
758 2296 842 2366 regia
855 2294 1033 2351 Abbathiam
1051 2296 1086 2350 de
1102 2296 1203 2366 Burgo
1219 2296 1319 2351 Sancti
1334 2296 1391 2350 nd-

344 2378 445 2433 mnndi
464 2380 584 2445 intrare,
601 2378 782 2434 et³Abbetis
800 2380 880 2435 vices
898 2379 1009 2434 ibidem
1027 2396 1124 2450 agere,
1144 2380 1389 2452 praesumpsisset.

345 2462 408 2531 Quo
423 2464 615 2535 respondente
629 2480 662 2519 se
679 2469 818 2534 tanquam
829 2463 997 2533 legitimum
1011 2470 1158 2535 pastorem
1175 2464 1299 2519 intrasse
1315 2463 1390 2518 ovile

344 2548 505 2617 proprium,
530 2554 565 2603 ut
588 2554 618 2602 et
638 2547 741 2602 ovibus
758 2547 828 2602 suis
851 2548 969 2602 infectis
992 2554 1075 2619 peste
1098 2553 1253 2619 praestaret
1274 2546 1388 2610 solatia,

344 2637 374 2685 et
398 2632 538 2686 morbidis
565 2632 717 2686 salutifera
740 2637 910 2702 procuraret
934 2630 1072 2695 remedia,
1096 2631 1252 2686 subintulit
1270 2630 1388 2686 Cancel-
1400 2641 1542 2694 Andeom.

260 2736 268 2749 ·
344 2714 435 2769 larius
444 2719 511 2779 ;—“
525 2716 602 2770 Puto
617 2715 678 2780 te,’'
698 2715 802 2785 inquit,
825 2714 884 2768 “in
902 2715 965 2786 ipso
982 2714 1045 2769 loco
1063 2732 1116 2769 nec
1135 2733 1229 2786 mgras
1247 2732 1316 2769 oves
1335 2710 1494 2789 necuim.
1501 2712 1563 2791 pith

345 2800 364 2823 “
384 2816 468 2853 senas
498 2799 668 2869 possidere;
699 2798 862 2870 praesertim
892 2816 960 2852 cum
990 2799 1052 2852 sine
1082 2799 1266 2853 conniventia
1294 2776 1528 2868 regia,¹²¹⁸1’²¹¹¹·

309 2884 314 2895 '
345 2883 364 2908 “
383 2883 473 2936 immo
494 2889 594 2937 contra
611 2883 661 2954 jus
679 2882 796 2952 regium
815 2888 845 2936 et
861 2882 1034 2953 approbatas
1053 2883 1136 2952 regni
1155 2881 1387 2945 consuetudines,
1400 2851 1505 2972 mg
1512 2845 1555 2977 Ἓξ

345 2968 364 2991 “
384 2983 442 3019 nou
472 2971 506 3020 ut
531 2972 639 3037 pastor,
672 2965 724 3021 sed
751 2983 804 3020 nec
833 2970 867 3019 ut
894 2965 1090 3019 mercenarius
1121 2970 1243 3029 tantum,
1276 2966 1328 3019 sed
1357 2969 1537 3027 ntthechan.

345 3052 364 3075 “
384 3050 470 3122 lupus
488 3051 596 3121 potius,
616 3049 796 3104 subintrasti.
834 3048 874 3103 Et
891 3048 957 3102 ideo
975 3049 1050 3103 scire
1071 3054 1100 3103 te
1125 3048 1222 3113 debes,
1243 3056 1273 3104 et
1290 3065 1389 3102 omnes
1401 3044 1483 3093 cellon

344 3137 365 3160 “
383 3136 426 3188 tui
452 3135 574 3199 similes,
593 3135 661 3189 ⁴cos
679 3133 757 3188 laesae
773 3133 934 3203 majestatis
960 3133 1050 3203 regiae
1068 3139 1207 3204 tanquam
1224 3133 1387 3205 proditores

343 3218 520 3273 “arcendos
556 3225 586 3273 et
619 3218 785 3274 carceribus
819 3217 1045 3287 mancipandoe;
1083 3218 1229 3288 praecipue
1269 3222 1388 3288 propter

343 3305 362 3330 “
383 3302 532 3358 Statutum
550 3302 775 3356 Pauliamontale
799 3301 910 3355 editum
928 3299 1068 3356 vicesimo
1086 3300 1212 3356 secundo
1236 3319 1311 3356 enno
1329 3300 1386 3354 Ed·

343 3390 362 3413 “
381 3386 481 3452 wurdi,
507 3386 599 3456 Regis
623 3385 730 3449 ultimi,
752 3384 829 3454 quod
853 3384 937 3439 docet
962 3401 1061 3438 omnes
1085 3384 1159 3439 tales
1182 3383 1230 3438 vel
1253 3383 1387 3454 ‘decapi-

343 3473 362 3496 “
381 3470 483 3526 tandos
501 3470 549 3525 vel
568 3470 734 3525 carceribus
758 3467 962 3523 dctrndendos.
1000 3467 1191 3522 Deceruimns
1213 3485 1284 3538 crgo
1302 3474 1331 3522 te
1349 3466 1387 3521 ad

343 3555 498 3608 “Turrim
534 3552 749 3607 Londoniarum
785 3551 969 3615 mittendum,
1000 3548 1103 3621 ⁸[cum
1133 3551 1190 3606 hiis
1219 3552 1270 3621 qui
1300 3557 1329 3605 te
1355 3551 1387 3604 in

343 3638 472 3707 “Regis
496 3637 635 3708 injuriam
658 3636 805 3708 prosecuti
823 3641 891 3690 sunt
914 3634 951 3689 de
974 3634 1152 3690 Monesterio
1175 3636 1333 3699 monachis,
1353 3641 1388 3690 ut

342 3725 361 3748 “
381 3722 489 3776 ibidem
514 3720 654 3789 sol]licite
678 3719 898 3783 conservemini,
919 3718 1010 3774 donee
1027 3719 1207 3775 voluntatem
1224 3721 1338 3791 regiam
1357 3725 1388 3775 et

341 3808 361 3832 ‘⁴
380 3805 529 3861 decretum
548 3804 737 3859 Parliamenti
759 3804 851 3859 futuri
870 3821 958 3874 super
976 3803 1033 3859 isto
1051 3804 1169 3875 negotio
1185 3802 1300 3875 plenius
1319 3821 1386 3874 cog·
1456 3857 1460 3867 ,

341 3891 361 3915 “
380 3888 564 3944 noscamus.”

374 3972 438 4028 Nec
455 3991 546 4037 mora,
566 3990 634 4028 cum
648 3970 757 4027 ⁷verba
774 3977 805 4026 et
822 3971 970 4025 decretum
985 3969 1242 4042 ⁸perficiebantur3
1262 3970 1384 4025 'deduc-

340 4056 421 4127 tique
440 4057 564 4113 suntad
580 4057 700 4112 Turrim
718 4073 861 4110 unacum
879 4073 913 4110 eo
932 4055 984 4127 qui
1009 4057 1221 4111 consentientes
1245 4055 1382 4119 ederant3

374 4391 381 4420 ¹
393 4406 446 4438 cum
454 4390 560 4441 omitted
568 4389 595 4438 iu
603 4390 646 4439 the
657 4388 757 4452 printed
764 4394 839 4438 texts.
914 4385 1058 4451 ‘Supplied
1075 4386 1140 4435 from
1152 4385 1219 4435 Bibl.
1232 4385 1294 4448 Reg.
1309 4389 1338 4433 13
1351 4386 1380 4435 u.

374 4469 516 4534 'Egressum
522 4470 549 4518 iu
559 4469 621 4533 orig.
630 4470 681 4518 and
688 4468 731 4518 the
742 4469 841 4531 printed
881 4466 917 4516 ix.
929 4486 936 4523 3
950 4465 992 4515 the
1000 4465 1107 4529 reading
1118 4465 1144 4512 iu
1157 4465 1199 4514 the
1207 4464 1307 4527 printed
1314 4471 1381 4514 texts

341 4555 408 4598 texts
422 4569 428 4607 ;
442 4548 584 4613 Egrescoiu
599 4547 667 4597 Bibl.
684 4547 748 4611 Reg.
766 4551 795 4596 :a
809 4546 840 4595 E.
881 4544 960 4607 being
983 4544 1071 4606 solely,
1083 4542 1226 4602 mittendum,
1249 4550 1272 4592 et
1295 4542 1379 4592 itidem

341 4628 377 4678 ix.
401 4627 678 4693 Correctly,E9ressa.
694 4663 701 4677 .
719 4664 725 4676 .
745 4663 750 4675 .
759 4633 839 4691 parte.
881 4621 1068 4671 commeandum
1078 4621 1158 4671 donec.

373 4709 383 4737 ⁸
395 4707 506 4758 Omitted
517 4707 544 4756 in
556 4707 599 4757 the
610 4707 710 4771 printed
721 4713 795 4755 texta.
915 4703 924 4730 '
935 4700 1030 4751 vebum
1042 4701 1069 4748 in
1081 4700 1123 4750 the
1134 4699 1233 4764 printed
1244 4707 1319 4754 texts

374 4786 434 4834 ’ωε
451 4785 601 4850 (correctly)
612 4784 716 4834 omitted
737 4783 764 4832 in
798 4782 841 4832 the
915 4781 925 4809 ⁸
932 4778 1106 4845 perficiebatur
1117 4779 1145 4827 iu
1156 4779 1303 4843 orig.‚Bibl.
1316 4782 1379 4846 Reg.

340 4864 440 4929 printed
450 4872 525 4914 texts
885 4865 914 4908 18
926 4859 956 4908 Ε.
969 4858 1014 4918 ix,
1025 4859 1076 4907 and
1087 4858 1129 4907 the
1140 4859 1239 4922 printed
1249 4867 1323 4911 texts.

372 4942 549 5006 ‘deceptcndos
571 4940 599 4991 in
615 4941 696 5007 orig.;
714 4940 842 4991 corrected
914 4937 1033 4988 'deducti
1048 4938 1110 4988 enim
1119 4938 1214 4988 suntin
1226 4939 1269 4990 the
1280 4940 1380 5004 printed

340 5023 404 5073 ttom
415 5021 459 5072 the
470 5021 572 5087 printed
582 5028 658 5072 texts.
882 5024 958 5068 texts.

1139 5114 1165 5162 D
1179 5115 1205 5164 1>
