3750 6250
715 1097 880 1148 nmronn
895 1097 1103 1148 monensi.
1373 1081 1436 1153 175

302 1289 375 1352 bede,
422 1284 509 1341 Missi
529 1288 786 1356 suntcotempore
800 1291 831 1341 et
848 1285 916 1341 ¹alii
934 1283 1052 1340 ²nuncii
1072 1302 1126 1356 pro
1143 1302 1215 1357 pace
1239 1285 1460 1357 impetranda3.
1494 1288 1563 1340 ΑΙ).

302 1422 352 1476 ω.
387 1387 512 1442 quorum
524 1388 600 1425 unus
613 1377 677 1425 erat
688 1371 805 1425 natione
817 1370 958 1433 Francus,
973 1369 1070 1424 dictus
1085 1373 1103 1398 ‘⁶
1117 1369 1261 1425 Dominus
1272 1370 1312 1426 ³J
1313 1371 1439 1425 ohannes
1454 1360 1525 1417 ¹³2⁴·
1534 1362 1606 1408 ¹³²⁵·

302 1495 325 1540 ,ὦ
387 1457 406 1481 “
420 1453 457 1508 de
479 1452 627 1518 Suliaco,”
641 1453 716 1508 alter
728 1453 883 1524 Anglicus,
908 1452 1085 1523 “Magister
1105 1453 1253 1508 Johannes
1273 1455 1309 1510 de
1335 1453 1439 1509 Scher·
1451 1471 1570 1517 ethnan·

387 1539 406 1566 “
419 1536 509 1593 dich”
531 1536 707 1608 appellatus.
747 1536 805 1591 Sed
824 1536 972 1592 lohannes
996 1536 1033 1590 de
1053 1536 1180 1602 Suliaeo,
1203 1537 1245 1591 ibi
1263 1537 1299 1592 do
1314 1537 1440 1608 quadam
1451 1527 1609 1627 fflffiffi’o

384 1622 618 1692 transgressione
643 1628 761 1678 notatus
794 1627 825 1677 et
857 1630 1022 1685 accusatus,
1044 1623 1103 1686 vix,
1129 1622 1296 1677 interventu
1317 1622 1558 1692 aoginsorwhom

384 1707 526 1772 mancis,
546 1712 671 1761 mortem
701 1706 805 1772 evasit,
837 1705 953 1776 collega
982 1723 1035 1761 suo
1065 1707 1129 1764 sine
1155 1706 1253 1760 fructu
1283 1706 1439 1776 legationis
1450 1687 1540 1768 W
1540 1677 1565 1729 ’Υ

383 1790 504 1847 domum
525 1790 709 1846 transmisso.
1451 1776 1528 1820 M·

419 1875 537 1931 Interea
559 1880 735 1930 mercatores
760 1874 915 1944 utriusque
939 1874 1024 1944 regni
1051 1873 1280 1929 ⁴dissensionem
1307 1873 1438 1944 regalem
1450 1878 1587 1928 Evilsand

384 1957 582 2029 deplorabant,
609 1958 680 2029 quia
697 1975 793 2028 neque
817 1957 939 2012 Francis
963 1957 995 2011 in
1018 1956 1137 2028 Augila,
1162 1974 1257 2028 neque
1275 1955 1382 2027 anglis
1406 1945 1584 2024 inhsrdships

384 2042 517 2106 Francia,
543 2042 689 2112 negotiari
707 2041 823 2098 licebat.
862 2040 1036 2096 Familiares
1061 2058 1177 2113 quoque
1196 2041 1329 2112 Reginis,
1356 2047 1438 2113 quot
1449 2027 1571 2129 fflffie

385 2132 456 2197 quot
479 2132 563 2181 erant
592 2125 708 2181 oriundi
739 2126 775 2180 de
802 2125 936 2189 Francia,
962 2130 1071 2179 terram
1096 2126 1159 2180 sine
1184 2141 1236 2196 spe
1259 2125 1437 2180 reversionis
1450 2144 1605 2195 dimmionfl

384 2211 463 2264 exire
475 2210 664 2280 cogebantur,
686 2211 716 2264 in
735 2209 911 2264 Francorem
923 2208 1024 2263 odium
1043 2215 1074 2263 ct
1093 2214 1301 2280 contemptum.
1338 2208 1436 2262 Terras
1449 2213 1561 2262 between

385 2311 510 2365 queque,
537 2293 651 2349 scilicet
674 2293 785 2365 praedia
809 2300 839 2349 ct
859 2292 981 2348 castella
1004 2293 1136 2363 Reginis,
1162 2293 1193 2346 in
1217 2310 1319 2347 manus
1343 2293 1435 2362 Regis
1448 2279 1588 2343 themna!

384 2378 486 2433 saisita
502 2377 594 2441 fuere,
620 2377 697 2432 datis
721 2376 807 2432 dictu}
831 2376 954 2446 Reginae
981 2376 1135 2447 stipendiis
1152 2375 1272 2431 “dietim
1290 2377 1326 2431 dc
1346 2376 1436 2431 bursa
1447 2345 1507 2464 ἕξ
1505 2346 1611 2464 {Q}

385 2461 487 2532 Regis.
525 2460 669 2530 Religiosi
691 2465 789 2515 autem
809 2465 839 2514 et
861 2459 1025 2515 beneficiati
1051 2460 1082 2514 in
1104 2460 1159 2514 hac
1178 2465 1266 2524 terra,
1287 2459 1324 2514 de
1348 2465 1435 2530 gente

386 2544 574 2607 Francorum,
589 2545 619 2597 in
637 2544 763 2598 maxima
775 2543 894 2597 miseria
911 2543 1019 2613 degere
1032 2543 1229 2614 cogebantnr3
1251 2562 1317 2598 cum
1336 2561 1438 2599 eorum

386 2627 528 2692 redditus,
552 2628 761 2700 possessiones,
788 2634 818 2682 ct
840 2626 982 2682 beneficia
1005 2627 1143 2682 universa
1163 2634 1194 2682 et
1217 2628 1343 2698 singula,
1374 2646 1440 2684 eon·

389 2710 574 2776 liscabantur,
588 2710 748 2766 exilissimo
760 2711 841 2765 victu
854 2710 965 2765 eisdem
985 2711 1021 2766 de
1042 2711 1130 2766 robus
1149 2712 1277 2782 propriis
1291 2712 1439 2783 deputato.

302 2787 355 2844 liibl.
424 2794 543 2850 [transit
573 2812 665 2850 annus
706 2795 761 2848 iste
791 2793 1000 2849 illaudabiliter
1029 2795 1143 2849 fructus
1175 2801 1206 2849 et
1239 2795 1340 2867 fruges
1377 2814 1443 2867 pro-

307 2861 331 2906 ¹³
389 2878 516 2944 duosam
546 2877 653 2948 Anglis
677 2885 708 2933 et
730 2878 851 2933 Francis
876 2877 988 2932 invisus
1019 2885 1137 2949 propter
1173 2896 1311 2948 guerram
1334 2887 1442 2935 motam

303 2961 310 2972 '
390 2964 420 3019 in
444 2963 608 3026 wasconia,
640 2968 671 3018 et
699 2962 846 3034 principue
876 2968 994 3032 propter
1021 2963 1236 3032 negotiatorum
1269 2964 1353 3018 varia
1390 2965 1443 3018 im-

389 3047 573 3120 pedimenta3
594 3064 660 3119 quoe
677 3046 888 3102 dissensionem
907 3045 1094 3116 ⁶generavit;
1118 3047 1258 3102 Ecclesiae
1270 3048 1443 3117 Anglieanm

389 3132 549 3196 molestus;
571 3130 666 3187 Scotis
686 3132 813 3202 quietus.

420 3214 506 3269 Anno
531 3215 636 3284 gratim
660 3214 817 3269 millesimo
841 3212 1046 3268 trecentesimo
1069 3213 1210 3268 vicesimo
1229 3213 1363 3284 lquarto‚
1390 3215 1440 3283 qui

388 3305 433 3354 est
444 3316 538 3353 annus
551 3298 636 3368 regni
655 3298 747 3367 Regis
761 3296 907 3361 Edwardi,
929 3315 948 3351 a
967 3296 1144 3368 Conquaestu
1158 3298 1293 3361 Secundi,
1308 3304 1441 3353 octavus·

303 3380 529 3447 ebidedecimus,
555 3399 622 3437 curn
646 3388 759 3452 treugis
783 3382 861 3454 apud
884 3381 1049 3436 Eboracum
1073 3382 1197 3437 fuissent
1220 3383 1342 3439 lirmatoe
1365 3383 1442 3437 inter

302 3454 354 3565 *Bu
387 3465 529 3537 Anglicos
560 3473 590 3522 et
621 3464 723 3521 Scotos
752 3482 806 3536 per
835 3466 990 3535 utriusque
1013 3467 1099 3536 regni
1122 3465 1326 3537 prudentiores
1349 3468 1439 3531 viros,

302 3530 363 3631 ¹1¹3·
388 3551 482 3606 tenuit
511 3550 574 3607 Rex
603 3550 680 3621 apud
710 3549 897 3620 Notyngham
920 3549 1027 3604 Natale
1058 3550 1253 3616 Dominicum‚
1284 3551 1381 3607 nobile
1412 3560 1442 3607 ct

302 3658 317 3693 r.
388 3634 526 3690 solemne.

422 3718 577 3774 Paridem
594 3724 720 3789 tempus,
741 3717 883 3773 Dominus
902 3716 992 3789 Papa,
1012 3718 1079 3787 paci
1096 3736 1255 3789 regnorum
1273 3719 1391 3790 Anglioe
1410 3726 1440 3777 et
1452 3722 1569 3775 merope

387 3801 518 3858 Francia
543 3803 590 3874 pie
615 3802 805 3875 prospiciens,
825 3802 1088 3873 Archicpiscopum
1106 3802 1303 3859 Viennensem
1322 3812 1352 3859 et
1369 3804 1438 3876 Epi·
1451 3774 1582 3867 ῗὲῃςξῖἕιῗιῖο

388 3904 506 3959 scopum
523 3886 733 3942 Auriaccnsem
754 3887 791 3941 ad
815 3887 970 3956 utriusque
993 3887 1079 3956 regni
1096 3886 1243 3958 principes
1262 3888 1435 3953 destinavit3
1459 3873 1594 3975 ,ffiffl

388 3971 438 4041 qui
455 3971 536 4043 pacis
555 3972 665 4026 monita
682 3970 786 4026 darent
797 3969 944 4040 ⁸utrique.
983 3968 1039 4038 Qui
1059 3988 1126 4024 curn
1145 3972 1219 4025 nihil
1237 3974 1435 4043 profecissent,
1451 3976 1540 4023 inseror
1547 3974 1610 4017 their

389 4054 464 4110 laeto
483 4056 513 4109 in
533 4055 612 4110 clero
630 4054 762 4125 tallagio,
783 4053 922 4109 videlicet
938 4054 975 4108 de
995 4054 1120 4124 singulis
1140 4056 1247 4111 marcis
1263 4058 1437 4127 accipientes
1449 4024 1613 4119 gimo&

390 4139 579 4209 quadrantem
590 4157 644 4212 pro
656 4140 718 4195 suis
730 4138 873 4210 expensis,
888 4138 996 4193 infecto
1007 4139 1126 4207 negotio
1138 4148 1207 4195 sunt
1218 4142 1337 4197 reversi.

424 4455 894 4508 ¹Tberrord“olii”isusedherein
970 4456 1144 4509 ³Omittedin
1156 4456 1199 4507 the
1208 4456 1311 4521 printed
1321 4464 1396 4509 texts.

393 4534 580 4588 referencetoa
594 4535 733 4602 preceding
743 4550 849 4600 passage
866 4535 894 4584 in
973 4533 1442 4602 ‘dissemionesrcpolesintheprinted

393 4614 447 4667 ils,
458 4614 526 4674 Bibl,
535 4615 598 4683 Reg.
608 4621 638 4667 1³
646 4616 676 4665 E.
689 4615 725 4667 ix.
738 4636 745 4675 ;
757 4615 841 4665 which
853 4615 895 4665 the
937 4621 1013 4665 texts.

394 4694 722 4745 bauscnberhasomitted.
971 4692 1107 4746 ⁵Omitted
1117 4692 1145 4742 in
1156 4694 1200 4744 the
1210 4693 1312 4760 printed
1322 4703 1398 4749 texts.

423 4775 596 4825 ²Blauefordc
618 4776 709 4839 speaks
726 4775 787 4825 here
804 4775 836 4823 of
848 4776 894 4825 but
971 4776 981 4802 ‘¹
1000 4782 1174 4838 generaverunt
1213 4775 1240 4826 in
1274 4776 1317 4827 the
1344 4778 1445 4843 printed

393 4871 433 4904 one
452 4871 553 4919 envoy;
572 4855 669 4920 though
690 4854 723 4906 be
739 4854 895 4906 mentionsa
939 4860 1013 4903 texts.

394 4936 484 4984 second
490 4950 540 4984 one
547 4935 576 4998 (“
586 4948 601 4984 a
611 4934 714 4999 elcrk'p
724 4934 814 4994 below,
823 4933 895 4984 wilb-
974 4934 982 4959 ²
994 4931 1078 4994 quinto
1088 4930 1116 4980 in
1127 4931 1171 4983 the
1182 4932 1283 4997 printed
1294 4942 1370 4987 texts.

395 5022 435 5063 out
446 5014 536 5080 giving
548 5012 588 5064 bis
600 5029 680 5064 name.
973 5013 983 5041 ¹
994 5014 1102 5077 altisque
1112 5012 1139 5063 in
1151 5014 1195 5066 tbe
1205 5015 1306 5079 printed
1315 5024 1388 5068 texts.
