3750 6250
739 1070 1123 1122 maroananancuur.
1393 1061 1457 1123 353

314 1259 382 1310 Bibl.
416 1254 436 1279 ‘⁴
454 1253 550 1308 nullos
568 1253 679 1310 Christi
704 1255 803 1311 fideles
828 1274 928 1311 earum
953 1257 1134 1329 respersione
1153 1258 1374 1322 commaculans,
1394 1265 1424 1314 ot
1441 1276 1459 1312 a
1470 1257 1538 1310 EI).
1553 1264 1622 1315 1377.

305 1332 353 1376 »¹³
415 1340 435 1364 “
454 1339 582 1408 prefate
605 1339 673 1394 fidei
696 1346 777 1394 recta
799 1340 904 1395 semita
928 1340 959 1394 in
981 1342 1178 1413 praecipitium
1207 1342 1380 1414 perditionis
1410 1342 1457 1396 ab·

305 1408 325 1442 ¹·
416 1424 435 1448 “
454 1420 672 1477 ducens—Nos
708 1424 807 1494 itaque
824 1430 937 1478 tantum
962 1425 1082 1490 malum,
1109 1425 1196 1495 quod,
1221 1443 1279 1480 non
1302 1425 1457 1497 praecisum

416 1507 435 1531 “
454 1523 507 1560 seu
529 1506 670 1562 radicitus
697 1508 882 1579 extirpatum,
910 1526 1027 1579 serpere
1056 1515 1156 1581 posset
1183 1511 1216 1565 in
1244 1510 1394 1581 plurimos,
1427 1512 1457 1565 in

415 1591 604 1646 “animabus
634 1609 743 1656 eornm,
769 1593 847 1662 quod
876 1592 961 1657 absit,
993 1592 1073 1648 letali
1103 1594 1272 1665 contagione
1302 1594 1455 1659 necandos,

415 1676 434 1699 “
453 1675 592 1738 nolentes,
623 1682 710 1746 prout
738 1693 792 1731 nec
821 1676 897 1730 velle
927 1677 990 1731 sine
1019 1683 1126 1733 nostrae
1150 1696 1250 1732 morsu
1273 1679 1456 1733 conscientiae

415 1760 433 1782 ‘⁴
452 1775 616 1827 possumus,
646 1758 843 1815 ¹conniventis
882 1759 974 1815 oculis
1010 1761 1197 1832 pertransire,
1241 1761 1456 1816 venerabilibus

414 1840 591 1897 “fratribus
615 1843 731 1907 nostris,
763 1842 991 1914 Archiepiscopo
1022 1844 1224 1900 Cantuariensi
1254 1852 1284 1899 et
1312 1845 1456 1916 Episcopo

413 1928 432 1950 ⁴‘
452 1925 655 1991 Londoniensi,
674 1944 726 1997 per
738 1925 850 1982 litteras
862 1932 976 1981 nostras
994 1928 1191 1983 commisimus
1204 1934 1235 1983 et
1245 1927 1454 1993 mandavimus,

414 2012 432 2033 “
451 2015 486 2063 ut
513 2009 581 2079 ipsi,
611 2010 658 2065 vel
689 2010 762 2065 alter
792 2028 902 2075 eorum,
933 2011 1059 2081 receptis
1089 2029 1141 2082 per
1165 2028 1213 2067 eos
1237 2011 1323 2066 dictis
1347 2012 1454 2066 nostris

414 2096 432 2118 “
451 2091 566 2157 litteris,
580 2093 617 2147 de
640 2093 785 2148 dictarum
806 2094 1041 2165 Propositionum
1060 2101 1090 2150 ct
1114 2094 1339 2151 Conclusionum
1363 2113 1455 2150 asser-

414 2180 432 2202 ‘⁸
451 2177 538 2241 tione,
565 2195 688 2248 quarum
706 2178 818 2248 copiam
837 2179 880 2232 eis
905 2178 960 2233 sub
984 2178 1071 2233 Bulla
1089 2186 1189 2235 nostra
1208 2179 1342 2234 misimus
1365 2179 1454 2234 inter·

414 2263 432 2285 “
451 2259 571 2324 clusam,
604 2278 635 2315 sc
671 2260 869 2325 informantes,
901 2263 927 2315 si
958 2262 1121 2317 invenirent
1151 2264 1192 2317 ita
1221 2280 1295 2327 esse,
1328 2263 1455 2317 facerent

414 2347 431 2368 ‘⁶
450 2344 604 2414 praefatum
634 2343 796 2398 Johannem
819 2347 991 2401 auctoritate
1021 2352 1121 2401 nostra
1149 2348 1214 2418 capi
1237 2354 1267 2401 et
1290 2348 1454 2405 carceribus

413 2431 432 2452 “
450 2428 618 2499 mancipari,
639 2428 703 2499 ejus
728 2429 936 2484 consessionem
964 2447 1054 2501 super
1076 2430 1186 2484 eisdem
1205 2431 1454 2501 Propositionibus

413 2514 431 2535 “
452 2529 504 2565 sou
516 2512 756 2566 conclusionibus
769 2513 898 2583 recipere
910 2513 1070 2577 studerent,
1084 2532 1118 2569 ac
1129 2514 1222 2585 ipsam
1235 2515 1452 2578 consessionem,

414 2598 431 2619 ‘¹
452 2600 482 2649 ot
502 2613 680 2666 quaecunque
704 2596 800 2651 dictus
826 2595 972 2651 Johannes
996 2597 1103 2652 dixerit
1122 2596 1169 2652 vel
1194 2598 1344 2669 scripserit
1368 2617 1455 2669 super

413 2681 432 2703 “
451 2678 607 2733 earundem
625 2678 859 2750 Propositionum
877 2686 907 2735 ct
918 2681 1145 2736 Gonclnsionum
1158 2681 1323 2737 inductione
1341 2688 1372 2737 ot
1389 2700 1454 2754 pro·

413 2764 432 2787 “
451 2761 574 2827 batione,
599 2762 682 2817 nobis
707 2780 759 2834 per
786 2764 877 2817 fidum
906 2766 1045 2818 nuncium
1063 2766 1261 2820 transmittere
1290 2784 1347 2821 non
1376 2773 1453 2838 post-

413 2849 565 2916 “ponant
613 2846 687 2901 (lum
707 2847 807 2917 itaque
828 2848 899 2902 dicti
920 2847 1164 2919 Archiepiscopus
1187 2855 1217 2904 ot
1239 2850 1400 2920 Episcopus
1424 2851 1455 2904 in

414 2930 651 3000 “prosecutione
675 2930 763 2999 hujus
782 2932 893 3001 negotii
916 2938 1073 2986 noscantur
1096 2932 1194 2987 favore
1218 2939 1248 2987 et
1268 2932 1376 2987 auxilio
1396 2939 1454 2988 tuae

413 3013 631 3069 “celsitudinis
662 3014 803 3084 indigere,
823 3015 1005 3085 majestatem
1035 3022 1115 3070 tuam
1146 3032 1241 3085 quam,
1267 3022 1297 3070 et
1323 3016 1366 3070 tui
1390 3034 1455 3087 pro·

414 3100 432 3121 ‘⁶
452 3097 598 3167 genitores
612 3098 713 3168 inclyti
727 3097 884 3154 Catholicae
896 3098 973 3163 fidei,
988 3099 1071 3171 cujus
1084 3099 1114 3153 in
1126 3098 1181 3154 hac
1192 3105 1274 3169 parte
1286 3116 1333 3154 res
1345 3099 1452 3169 agitur,

415 3184 432 3206 ‘⁸
453 3199 567 3253 semper
579 3190 790 3238 consueverunt
810 3201 883 3246 esse,
904 3190 934 3238 et
952 3184 1092 3254 praecipui
1110 3183 1260 3247 zelatores,
1278 3184 1455 3253 requirimus

415 3268 433 3290 “
453 3271 483 3318 et
500 3265 689 3335 deprecamur
707 3273 825 3329 attento,
846 3273 988 3337 quatenus
1009 3267 1046 3322 ob
1063 3267 1257 3321 reverentiam
1279 3266 1343 3330 Dei,
1369 3267 1454 3321 dictas

416 3350 433 3374 “
453 3347 530 3411 fidei,
555 3355 584 3404 et
608 3349 783 3421 Apostoliose
808 3350 901 3415 Sedis,
928 3357 958 3406 et
985 3358 1117 3407 noemam
1147 3350 1294 3415 intuitum,
1326 3351 1455 3423 dignaris

415 3436 433 3457 “
452 3432 581 3502 praesatis
604 3432 831 3504 Archiepiscopo
854 3441 884 3489 et
907 3434 1060 3506 Episcopo,
1086 3441 1116 3488 et
1134 3434 1199 3489 aliis
1218 3435 1268 3504 qui
1289 3434 1455 3505 hujusmodi

415 3519 433 3540 ‘⁴
453 3516 603 3585 negotium
620 3515 859 3588 'prosequentum
884 3519 915 3572 in
938 3519 1004 3589 ipsa
1023 3518 1223 3588 prosecutione
1243 3519 1287 3573 tui
1306 3517 1414 3572 favoris
1427 3524 1457 3572 ct

415 3602 433 3624 “
453 3599 552 3653 auxilii
574 3601 766 3670 patrocinium
787 3601 922 3656 exhibere
943 3602 1072 3673 provide,
1093 3608 1199 3672 prater
1216 3600 1349 3655 hnmanae
1361 3601 1456 3655 laudis

415 3686 433 3708 “
453 3683 638 3754 praeconium,
658 3684 764 3739 divinae
785 3685 987 3741 retributionis
1005 3686 1167 3756 prumiam,
1181 3691 1309 3740 nostram
1329 3693 1359 3741 et
1370 3686 1456 3741 dictae

415 3766 538 3821 “Sedis
567 3767 724 3839 adepturus
754 3768 985 3825 benevolentiam
1021 3769 1201 3841 ampliorem.
1251 3768 1327 3824 Data
1356 3768 1456 3823 R'omoe

413 3852 431 3875 “
451 3848 529 3920 apud
550 3849 686 3905 Sanctam
706 3851 831 3907 Mariam
850 3853 1002 3924 Majorem,
1018 3851 1189 3908 'undecimo
1201 3851 1349 3908 Kalendas
1362 3852 1454 3915 lunii,

416 3937 434 3960 “
453 3951 528 3991 anno
545 3935 696 4006 septimo.'’
797 3942 801 3950 “

435 4167 523 4235 ⁴11ae
555 4175 638 4236 suat
659 4170 924 4256 Propositr'ouca,
948 4170 1017 4238 stoc
1048 4170 1297 4253 Ooraotrasa'onea,
1316 4130 1412 4258 'quos

564 4270 739 4340 rotamur
772 4272 899 4358 Wicle'ff
919 4271 1055 4358 pratia
1081 4273 1292 4360 predicavit.

449 4446 473 4499 l.
494 4445 638 4500 “Totum
662 4463 756 4517 genus
781 4446 951 4510 humanum,
979 4447 1055 4502 citra
1081 4446 1242 4513 Christum,
1276 4465 1334 4500 non
1367 4446 1455 4504 habet
1469 4457 1569 4510 eumin

446 4667 832 4733 'counimtbasinthcprinted
840 4677 913 4724 texta.
963 4668 1171 4718 varies-“Hc
1196 4678 1252 4718 sunt
1270 4667 1456 4734 Propositicncr,

445 4747 912 4814 ²pmcquennrrinthcprintedtexts.
962 4749 1035 4796 “siue
1061 4746 1236 4807 conclama,
1255 4765 1317 4812 quae
1337 4749 1458 4800 rotam

445 4824 504 4874 Ἠ.
530 4825 585 4876 Cat
609 4826 683 4876 Junii
704 4827 731 4877 in
756 4827 798 4877 the
814 4826 912 4892 printed
961 4831 976 4854 ‘¹
993 4825 1089 4890 Wyclrs
1100 4827 1458 4894 diciturusseoeroaae,etpul›-

413 4910 487 4953 texta.
962 4912 976 4933 ‘¹
989 4904 1033 4954 lice
1041 4905 1213 4970 predicasse?
1226 4907 1272 4956 See
1280 4906 1322 4957 the
1334 4907 1459 4958 Fuscicali

447 4984 456 5010 ⁴
468 4982 499 5031 In
507 4983 574 5034 Bibl.
585 4984 646 5048 Reg.
657 4990 687 5034 1³
699 4985 728 5036 E.
741 4985 777 5036 ix.
785 4986 827 5036 thc
843 4985 910 5036 Titia
961 4973 1126 5045 Zucniorum‘,
1137 5000 1177 5049 pp.
1190 4990 1311 5034 ass-256.

1307 5085 1328 5134 Ζ
