3750 6250
706 1095 871 1147 merome
892 1094 1099 1149 arenosas
1237 1068 1238 1071 ‘
1367 1088 1432 1154 883

284 1278 349 1330 Bibl.
383 1282 403 1309 ‘⁶
422 1279 499 1337 Onna
516 1281 619 1353 igitur,
632 1280 804 1355 Aposhrlica
822 1282 899 1339 Sede
916 1288 1049 1348 vacante,
1062 1300 1117 1355 per
1133 1283 1246 1340 obitum
1263 1284 1320 1356 pie
1337 1296 1434 1341 recor·
1449 1283 1515 1337 AJ).
1529 1290 1601 1340 1378,

290 1351 320 1395 ¹³
383 1367 404 1393 “
423 1367 549 1422 munais
580 1367 700 1422 Domini
736 1366 876 1439 Gregorii
910 1367 1001 1440 Paper
1039 1368 1206 1433 Undecima
1244 1369 1296 1439 qui
1334 1386 1434 1425 mense

285 1450 291 1462 '
383 1452 402 1476 “
421 1449 531 1505 Martio
547 1451 681 1521 proximo
706 1452 858 1523 praeteritc
884 1450 917 1508 in
938 1452 1021 1507 Urbe
1039 1451 1119 1507 diem
1136 1452 1244 1508 clausit
1260 1458 1433 1517 extremum,

382 1536 401 1560 '‘
420 1551 473 1589 nos
490 1552 545 1606 pro
570 1535 713 1590 electione
738 1535 832 1591 futuri
854 1535 1017 1600 Pontificis,
1045 1542 1080 1591 ut
1102 1536 1181 1607 juris
1206 1541 1237 1591 et
1262 1537 1353 1592 moris
1379 1544 1433 1602 ost,

381 1620 400 1644 ‘⁸
420 1618 603 1683 celebranda,
616 1619 648 1673 in
660 1618 800 1675 Oonclavi
818 1618 856 1673 ad
873 1618 929 1674 hoo
947 1619 979 1673 in
995 1619 1166 1690 Apostolico
1182 1619 1306 1684 Palatio,
1327 1621 1359 1675 in
1377 1637 1435 1691 quo

380 1704 400 1727 “
419 1702 499 1756 idem
517 1707 625 1758 sanctae
641 1703 791 1757 memoria
803 1701 948 1757 Dominus
961 1701 1125 1774 Gregorius
1142 1703 1264 1767 obierat,
1284 1701 1432 1776 deputato,

381 1788 399 1812 “
419 1786 667 1860 convenissemus,
685 1787 814 1858 populus
830 1785 980 1841 Romanus
998 1786 1098 1852 etiam,
1112 1786 1150 1842 ad
1164 1805 1311 1858 campanae
1330 1806 1433 1844 sonum

379 1870 399 1896 “
418 1877 626 1941 congregatus,
643 1870 745 1928 hostili
762 1887 844 1926 more
861 1869 959 1925 locum
977 1875 1073 1926 totum
1090 1870 1285 1936 circumdans,
1299 1871 1336 1927 ab
1353 1872 1432 1927 intus

380 1955 399 1980 “
418 1958 448 2008 et
465 1954 503 2009 ab
520 1960 603 2009 extra
628 1959 725 2009 totum
752 1954 815 2008 fere
839 1952 967 2024 implens
985 1952 1143 2019 Palatium,
1170 1960 1202 2010 et
1227 1972 1295 2011 cum
1320 1960 1432 2011 terrore

380 2040 399 2066 ‘⁸
418 2038 585 2095 vehementi
603 2040 698 2095 minas
725 2040 815 2095 etiam
841 2038 1051 2110 superaddens,
1071 2040 1150 2113 quod
1166 2040 1225 2096 nisi
1243 2041 1430 2112 eligeremus,

380 2125 400 2149 “
418 2127 450 2177 et
470 2123 533 2178 sine
554 2122 664 2188 ‘mora
687 2123 853 2178 &manum
874 2122 923 2178 vel
944 2123 1092 2189 Italicum,
1114 2123 1215 2179 statim
1236 2123 1433 2181 incideremur

380 2207 399 2232 ‘⁶
418 2223 472 2276 per
492 2207 605 2272 frusta3
631 2206 721 2261 etiam
741 2223 871 2277 congruo
895 2207 1001 2277 spatio,
1024 2224 1126 2263 omnes
1145 2207 1177 2262 in
1196 2224 1254 2277 quo
1270 2208 1375 2263 saltem
1396 2208 1432 2263 dc

380 2291 398 2315 “
418 2306 545 2360 persona
554 2290 660 2345 idonea
670 2288 834 2345 deliberare
846 2307 1010 2361 possemus,
1029 2290 1148 2362 penitus
1163 2290 1247 2346 nobis
1265 2290 1430 2358 subtract03

379 2376 398 2400 ‘⁴
417 2379 520 2429 contra
542 2374 724 2429 voluntatem
754 2378 786 2429 et
813 2374 998 2445 propositum
1027 2381 1170 2439 nostrum,
1196 2373 1234 2430 ad
1263 2375 1433 2446 eligendum

379 2456 399 2484 “
418 2455 558 2512 Italicum
589 2457 689 2512 subito
718 2463 749 2512 et
777 2474 813 2512 ex
842 2457 968 2528 abrupto
996 2475 1051 2529 per
1073 2457 1244 2514 violentiam
1267 2463 1299 2514 et
1321 2464 1432 2515 metum

378 2543 398 2568 “
416 2541 547 2612 corporis
571 2546 733 2612 coegerunt
759 2541 877 2597 invitos.
926 2542 1053 2613 Propter
1083 2542 1170 2613 quod,
1202 2542 1432 2598 ad‘evitandum

378 2627 397 2651 ‘⁸
416 2626 520 2680 mortis
539 2625 681 2681 duntaxat
699 2623 874 2696 periculum,
895 2626 969 2681 alias
988 2643 1046 2680 non
1064 2626 1181 2691 facturi,
1204 2632 1238 2682 ut
1255 2627 1344 2683 etiam
1361 2633 1432 2683 tunc

378 2708 512 2780 “palam
532 2709 681 2765 internos
703 2708 840 2775 diximus,
860 2715 890 2764 to
910 2709 942 2763 in
962 2710 1073 2781 Papam
1093 2711 1230 2766 duximus
1252 2711 1430 2782 eligendum,
1542 2712 1546 2720 '

377 2793 596 2849 “estimantes
623 2799 663 2858 te,
689 2793 738 2849 cui
767 2800 829 2850 tam
858 2793 978 2848 infanda
1007 2794 1173 2866 impressio,
1205 2794 1293 2851 sicuti
1324 2802 1355 2852 et
1376 2798 1432 2853 toti

377 2879 397 2903 ‘⁴
416 2877 495 2932 clero
516 2881 546 2932 et
565 2877 684 2948 populo,
706 2884 776 2932 nota
797 2884 869 2941 erat,
891 2877 961 2932 talis
982 2894 1046 2932 esse
1066 2879 1263 2945 conscientie,
1277 2879 1432 2952 quodeam

378 2964 397 2987 “
416 2961 586 3017 nullatenus
610 2969 788 3032 acceptares.
837 2959 945 3025 Atta,
971 2960 1099 3033 propriae
1129 2961 1234 3018 salutis
1263 2962 1428 3029 inmemor,

378 3047 396 3072 ‘¹
416 3045 496 3099 omni
516 3063 592 3116 pura
610 3045 789 3101 conscientia
807 3045 911 3116 procul
932 3045 1028 3115 pulsa,
1050 3044 1223 3101 ambitiosus
1251 3046 1325 3102 alias
1345 3066 1430 3102 mnn-

377 3131 397 3156 “
416 3129 484 3184 dani
495 3130 626 3195 honoris,
640 3129 744 3185 ardore
757 3148 846 3201 quam
857 3128 985 3184 maxime
997 3130 1195 3186 inflammatus
1207 3132 1431 3202 praesentatione

377 3216 396 3240 ‘⁸
416 3213 566 3270 electionis
584 3215 765 3286 hujusmodi,
797 3214 834 3269 ab
857 3214 918 3269 illis
944 3214 995 3284 qui
1019 3232 1037 3268 a
1059 3214 1143 3270 nobis
1167 3215 1199 3268 in
1221 3215 1295 3270 urbe
1317 3233 1430 3271 reman-

377 3300 396 3324 “
416 3304 516 3354 scrant
533 3299 621 3354 etiam
638 3315 694 3370 per
710 3304 823 3354 metum
841 3303 965 3364 extorta,
978 3304 1080 3354 contra
1091 3299 1244 3354 canonicas
1256 3300 1429 3365 sanctiones,

377 3384 396 3408 “
415 3381 447 3436 in
465 3383 636 3438 scandalum
653 3383 814 3438 maximum
832 3383 905 3438 cleri
917 3389 949 3438 ct
959 3383 1061 3454 populi
1074 3381 1246 3447 Christiani,
1259 3401 1293 3439 ac
1306 3385 1430 3455 exempli

377 3468 396 3492 “
414 3468 586 3537 perniciem,
607 3466 745 3522 electioni
765 3465 946 3537 hujusmodi,
968 3466 1039 3521 licet
1057 3466 1147 3521 nullas
1166 3471 1197 3520 et
1214 3467 1352 3524 invalidae
1367 3469 1432 3539 ipso

377 3552 395 3577 ‘⁶
412 3551 490 3620 jure,
504 3551 697 3616 consensisti;
717 3568 830 3606 necnon
843 3554 934 3615 metu,
951 3556 982 3605 et
999 3549 1093 3620 ipsius
1111 3556 1208 3605 metus
1225 3568 1323 3616 causa,
1336 3551 1431 3607 adhuc

377 3636 396 3661 ‘⁴
414 3633 607 3706 proculdubio
628 3632 805 3707 perdurante
823 3635 854 3688 in
871 3634 955 3699 urbe,
978 3634 1171 3690 intronisatus
1184 3639 1215 3690 et
1226 3641 1379 3692 coronatus
1395 3636 1431 3691 de

376 3722 395 3745 “
414 3719 492 3775 sacto
510 3724 541 3774 te
561 3719 593 3774 in
613 3719 725 3790 Papam
744 3718 911 3774 nominasti.
950 3716 1007 3786 Qui
1025 3735 1044 3773 a
1066 3718 1176 3775 sanctis
1203 3725 1234 3774 et
1251 3720 1430 3791 sapientibus

377 3805 396 3830 ‘⁴
415 3804 559 3875 patribus,
591 3810 622 3859 et
644 3803 746 3874 ajuro
770 3802 928 3867 communi,
949 3801 1138 3873 apostaticus,
1158 3803 1429 3873 anathematizatus,

376 3890 395 3915 “
414 3888 625 3952 Antichristus,
652 3893 683 3943 ct
706 3888 797 3942 totins
823 3886 1055 3942 Christianitatis
1079 3887 1197 3942 invasor
1215 3905 1249 3942 ac
1266 3886 1432 3944 destructor

376 3974 574 4043 “petisset
597 3973 714 4037 merito,
740 3970 910 4026 nominaris.
959 3969 1074 4042 Nempe
1101 3971 1195 4042 igitur
1219 3990 1288 4027 cum
1305 3973 1363 4030 ista
1379 3980 1432 4028 tua

377 4058 396 4082 “
416 4061 476 4110 tam
494 4055 619 4111 nefanda
635 4055 761 4110 intrusio
778 4055 809 4109 in
827 4055 942 4126 Papatu
956 4053 1020 4125 jam
1038 4055 1078 4110 sit
1090 4055 1244 4127 divulgata
1253 4056 1428 4127 perorbem

376 4141 396 4166 ‘⁴
414 4139 508 4194 veluti
525 4144 586 4194 tam
603 4141 727 4204 notoria,
747 4138 826 4210 quod
846 4139 909 4210 jam
926 4138 1036 4194 alicubi
1054 4138 1144 4194 celari
1162 4157 1220 4195 non
1237 4146 1342 4213 potest,
1362 4157 1430 4195 curn

376 4226 395 4250 “
415 4223 470 4278 hoc
488 4228 629 4294 tempore,
643 4223 783 4279 videlicet
799 4223 948 4278 modicum
965 4228 1033 4278 ante
1050 4223 1174 4288 Pascha,
1194 4225 1304 4279 factum
1322 4225 1427 4289 fuerat,

376 4309 395 4332 “
415 4306 531 4377 quando
556 4306 593 4361 de
619 4306 767 4362 universis
796 4306 930 4377 partibus
961 4306 1193 4363 Christianitatis
1223 4307 1318 4378 major
1347 4307 1430 4364 adest

376 4392 395 4416 ‘⁴
414 4389 514 4462 populi
541 4389 700 4445 multitudo
726 4390 758 4445 in
782 4391 865 4455 urbe,
895 4389 974 4460 quod
998 4407 1112 4446 errores
1137 4390 1258 4461 plurimi
1283 4391 1429 4462 pullulare

375 4476 394 4500 “
414 4475 596 4545 inceperunt,
614 4480 646 4529 et
662 4473 794 4528 fidelium
809 4473 1044 4529 Christianorum
1062 4473 1216 4543 illaqueari
1233 4474 1427 4540 conscientiae,

375 4561 394 4585 ‘⁶
413 4564 505 4630 tuque
523 4558 636 4614 diutius
654 4563 833 4629 expectatus,
853 4557 933 4613 etin
951 4563 1064 4612 secreto
1082 4557 1235 4612 caritative
1252 4558 1427 4625 admonitus,

375 4645 394 4668 ‘⁶
414 4642 569 4698 immernor
600 4641 704 4697 salutis
734 4641 871 4714 proprie,
902 4644 998 4695 totum
1024 4639 1058 4694 in
1083 4640 1283 4713 praecipitium
1307 4644 1428 4716 cupiens

375 4729 395 4753 “
413 4726 529 4782 trahere
539 4726 650 4781 clerum
660 4730 690 4780 et
697 4724 838 4797 populum
848 4721 1029 4787 universum,
1040 4721 1078 4777 ad
1087 4740 1138 4779 cor
1146 4723 1243 4780 redire
1254 4743 1312 4781 non
1324 4746 1427 4795 curas;

376 4813 395 4838 ‘⁶
415 4810 469 4866 sed
486 4811 602 4865 inanem
623 4815 654 4866 et
671 4808 871 4866 mansitoriam
891 4806 994 4862 mundi
1013 4806 1139 4878 gloriam
1160 4808 1249 4865 saluti
1268 4811 1373 4867 anima
1398 4822 1428 4870 ct

482 5046 677 5113 ¹minorig.
694 5047 746 5098 aud
761 5044 906 5113 Bibllieg.
920 5044 1059 5107 llllleim
1076 5044 1308 5110 Minadroeteuce
