3750 6250
702 1095 865 1147 nisronn
886 1096 1092 1148 leoncius
1359 1082 1425 1153 407

212 1290 271 1343 MS.
280 1292 348 1345 Bibl.
378 1294 485 1354 mento,
504 1287 589 1344 dulce
606 1294 784 1360 reputarent.
821 1289 880 1344 Sed
898 1295 928 1344 et
944 1290 1008 1359 ipse
1026 1287 1093 1342 Dux
1110 1286 1161 1341 vix
1177 1302 1306 1356 unquam
1324 1302 1342 1338 a
1359 1302 1425 1354 gra·
1438 1292 1507 1343 An).
1519 1297 1591 1345 1³79.

207 1358 273 1436 Reg.
287 1365 317 1409 ¹³
378 1373 486 1427 tiaram
504 1374 617 1429 actione
636 1374 776 1438 cessabat,
798 1391 875 1430 nuno
894 1373 950 1428 Dei
970 1371 1137 1428 collaudans
1155 1370 1295 1425 virtutem
1313 1373 1343 1423 et
1360 1385 1427 1438 gra·

209 1425 241 1475 E·
253 1440 290 1477 ¹¹·
378 1458 459 1523 tiam,
478 1477 555 1514 nuno
579 1459 737 1530 Hngonem
761 1458 901 1514 extollens
919 1462 950 1513 et
966 1457 1166 1529 magnificans,
1186 1455 1270 1525 quasi
1288 1470 1340 1525 per
1358 1469 1426 1507 eum

378 1560 413 1596 ex
431 1543 516 1615 inope
535 1545 629 1599 faetus
647 1544 752 1599 fuisset
769 1544 933 1614 opulentus,
960 1543 1068 1614 quippe
1086 1540 1138 1612 qui
1159 1557 1227 1610 opes
1246 1546 1276 1594 et
1293 1538 1426 1594 substan·

377 1628 449 1681 tiam
467 1629 593 1699 turpiter
611 1634 640 1683 et
658 1646 725 1684 eum
749 1628 889 1683 dedecore
913 1627 1098 1698 perdidisset,
1123 1626 1181 1681 nisi
1201 1623 1264 1695 jam
1288 1622 1425 1694 Hugonis

378 1712 557 1779 animositas,
577 1713 745 1778 strenuitas,
764 1719 851 1784 atque
869 1711 1007 1783 probitas,
1028 1727 1112 1782 opem
1129 1708 1292 1764 ¹tulissent.

415 1795 537 1852 Stabant
573 1816 609 1852 ex
636 1798 769 1863 adverso,
800 1798 833 1852 in
867 1797 960 1851 muris
994 1802 1024 1852 et
1052 1795 1183 1851 turribus
1213 1793 1293 1848 villae
1325 1791 1424 1848 Sancti
1438 1795 1500 1847 And

378 1879 477 1945 Maloi,
494 1880 610 1947 Gallici,
623 1900 691 1937 cum
709 1900 810 1938 eorum
822 1881 991 1953 Gapitaneo,
1013 1879 1175 1936 Bertrando
1194 1877 1335 1949 Oleykyn,
1355 1874 1424 1945 ²qui
1437 1864 1473 1930 by
1483 1866 1546 1915 130¹·

378 1970 409 2018 et
438 1965 505 2036 ipsi,
533 1985 590 2021 non
615 1967 712 2022 minus
739 1983 828 2038 quam
848 1966 994 2031 Britones,
1020 1966 1078 2020 viri
1103 1982 1192 2019 ausus
1219 1962 1370 2018 laudentes
1396 1935 1568 2051 etfficffi·

379 2050 463 2113 lacta,
484 2050 682 2107 afficiebantur
699 2050 821 2116 'eidem
841 2052 988 2116 timentes,
1008 2056 1042 2106 ut
1062 2050 1170 2105 assolet
1187 2048 1304 2119 vulgus,
1325 2064 1426 2102 casum

378 2141 429 2188 aut
440 2135 602 2205 captionem
613 2137 672 2190 viri
685 2153 772 2206 quern
788 2135 906 2206 diligit3
926 2142 957 2191 et
969 2152 1135 2207 quenquam
1146 2134 1245 2189 hostes
1258 2133 1423 2197 existerent,

378 2223 476 2272 tamen
501 2237 555 2290 pro
582 2221 645 2291 ejus
676 2221 875 2276 incolumitate
905 2219 1064 2275 Dominum
1100 2218 1300 2291 precabantur.
1356 2217 1425 2288 Ipse

379 2301 497 2374 insuper
509 2303 688 2359 Bertrandns
702 2305 834 2375 Gleykyn
845 2304 961 2375 publice
973 2308 1151 2376 protestatus
1163 2309 1216 2368 est,
1237 2320 1269 2357 se
1286 2301 1425 2355 maluisse

378 2404 477 2441 omnes
520 2388 647 2444 Gallicos
689 2389 741 2443 illo
776 2389 913 2444 conflictu
949 2389 1107 2461 deperisse,
1146 2406 1233 2458 quam
1266 2387 1426 2459 quiequam

378 2470 511 2528 ⁴adversi
525 2479 622 2528 tantus
634 2474 682 2528 vir
692 2473 879 2543 pertulisset;
901 2472 1007 2544 quibus
1020 2473 1156 2529 laudibus
1169 2473 1242 2526 ³iste
1254 2471 1301 2526 vir
1319 2469 1425 2539 dignus

377 2556 509 2622 habetur,
530 2558 581 2627 qui
599 2564 629 2614 et
647 2558 708 2613 suis
727 2557 851 2612 salutem
874 2558 997 2613 ‘saltem
1021 2576 1075 2629 per
1098 2558 1228 2612 hostium
1253 2556 1436 2610 detrimenta

377 2640 455 2706 tulit,
476 2648 506 2696 et
531 2648 629 2697 tamen
653 2654 707 2713 pro
730 2641 840 2698 virtute
865 2661 919 2698 sua
938 2643 1067 2698 hostium
1084 2641 1246 2714 promeruit
1263 2640 1379 2695 laudem
1397 2643 1428 2694 et

301 2782 313 2805 ,
378 2725 515 2780 favorem.
559 2727 694 2782 Profecto
723 2728 831 2783 nostris
861 2728 1041 2799 temporibus
1070 2746 1128 2782 non
1158 2733 1203 2784 est
1232 2726 1367 2781 inventus
1397 2725 1428 2780 in

377 2808 479 2865 ordine
505 2810 629 2865 militari
654 2810 760 2866 similis
785 2811 830 2866 illi
856 2812 908 2882 qui
925 2818 1112 2868 conservaret
1129 2811 1226 2883 legem
1243 2810 1359 2866 Excelsi
1370 2830 1378 2874 ;
1399 2815 1429 2864 et

378 2891 486 2948 idcirco
512 2912 578 2948 reor
604 2895 700 2949 omnia
725 2895 788 2949 basa
821 2894 877 2950 sibi
908 2896 1067 2967 contigisse
1096 2901 1204 2967 praeter
1233 2895 1362 2959 solitum,
1393 2898 1429 2947 ut

377 2984 552 3046 cognoscant
577 2980 687 3049 posteri
714 2984 823 3050 quanta
849 2997 921 3050 erga
939 2979 1035 3034 Deum
1058 2980 1183 3044 devotio,
1206 2997 1278 3050 erga
1302 2978 1424 3033 Sanctos

377 3061 500 3128 affectio,
520 3081 592 3135 erga
603 3062 729 3118 Matrem
740 3064 903 3119 Ecclesiam
915 3065 1074 3130 veneratio,
1094 3082 1128 3119 ao
1146 3069 1336 3136 postremum,
1352 3079 1424 3133 erga

377 3147 489 3201 cultum
512 3147 637 3219 justitia
664 3149 761 3204 fervor
785 3156 815 3204 et
833 3149 960 3214 dilectio,
989 3149 1106 3204 valeant
1135 3149 1276 3203 obtinere.
1313 3146 1423 3202 Nullus

378 3232 495 3302 quippe,
515 3238 549 3286 ut
572 3250 676 3287 verum
701 3233 802 3298 fatear,
821 3251 856 3288 eo
881 3234 980 3288 virum
1002 3235 1097 3304 megia
1116 3232 1264 3288 sanctitati
1281 3231 1423 3296 deditum,

378 3315 556 3371 orationibus
579 3323 630 3372 aut
653 3317 844 3389 eleemosynis
872 3325 1031 3383 assuetum,
1056 3321 1156 3373 nostro
1180 3323 1310 3388 tempore
1338 3315 1424 3371 facile

379 3400 544 3471 reperisset.

379 3608 484 3678 Dives
518 3608 673 3697 quidem,
703 3611 871 3680 Mercator
892 3609 1093 3687 Jceseesis
1123 3632 1146 3678 α
1179 3607 1424 3679 Mercatoribus

586 3713 797 3801 replicante
819 3714 991 3783 discidisse
1009 3721 1208 3803 peremptus.

414 3867 525 3923 Eodem
561 3876 700 3941 tempore,
737 3869 856 3941 quidem
894 3870 1000 3925 nobilis
1037 3876 1067 3926 et
1102 3870 1246 3942 predives
1282 3878 1426 3927 mercator
1438 3887 1465 3936 Α
1480 3887 1593 3938 Genoese

379 3952 546 4018 Januensis,
584 3954 703 4008 veniens
735 3953 766 4008 in
798 3954 938 4026 Angliam
974 3961 1005 4009 et
1028 3956 1133 4027 'plura
1163 3956 1314 4012 commoda
1348 3956 1424 4026 Regi
1438 3953 1573 4003 Merchant

377 4055 526 4108 regnoque
544 4037 726 4108 promittens,
746 4038 772 4091 si
790 4037 853 4092 Rex
877 4038 1049 4109 dignaretur
1072 4039 1243 4110 permittere
1262 4058 1329 4094 enm
1347 4040 1425 4111 apud
1438 4020 1460 4069 ¹⁸
1471 4020 1574 4135 &dm'

378 4119 535 4191 Hampton,
573 4120 726 4175 castellum
767 4121 803 4175 de
845 4140 919 4176 novo
961 4127 1169 4188 constructum,
1207 4141 1357 4194 occupare,
1396 4102 1548 4219 etffirough

378 4204 486 4258 ibidem
511 4223 565 4259 aua
588 4206 778 4261 mercimonia
802 4206 967 4274 recondere,
987 4214 1106 4278 repente
1130 4209 1320 4278 interemptus
1345 4213 1391 4262 est
1408 4220 1592 4286 ajalouffiffl

378 4288 588 4344 mercatoribus
605 4290 795 4360 Anglicanis;
822 4308 928 4361 magno
954 4290 1128 4347 detrimento
1145 4292 1238 4363 plebis
1267 4297 1296 4345 et
1320 4293 1422 4362 regni;
1437 4288 1585 4352 &flegeton

377 4387 445 4427 nam
469 4374 651 4443 promiserat,
671 4379 702 4429 et
726 4374 916 4430 effectualiter
934 4376 1147 4446 complevisset,
1167 4382 1201 4430 ut
1219 4373 1377 4441 dicebatur,
1398 4377 1424 4431 si
1437 4357 1583 4486 ffi‘i’sfh‘he

1438 4490 1586 4541 merebants.

381 4551 410 4559 ι.-

414 4664 420 4692 ¹
434 4661 525 4712 tulisset
535 4664 562 4712 in
573 4663 617 4713 the
627 4661 730 4726 printed
742 4668 816 4713 texts.
962 4665 971 4692 ³
983 4663 1034 4726 ipse
1045 4661 1072 4711 in
1083 4662 1125 4713 the
1136 4662 1235 4726 printed
1246 4667 1320 4714 texts.

413 4744 493 4806 2ῳιὶιι
504 4744 530 4791 in
542 4743 585 4793 the
596 4743 695 4807 printed
705 4748 780 4792 texts.
962 4744 972 4772 ⁰
984 4742 1095 4793 Omitted
1106 4741 1131 4791 in
1139 4742 1181 4792 tbe
1192 4743 1292 4806 printed
1305 4751 1378 4795 texts.

414 4826 423 4850 ·¹
435 4822 528 4884 ibidem,
545 4824 658 4884 timentes,
674 4822 702 4872 in
719 4822 762 4872 the
782 4820 881 4886 printed
965 4825 972 4850 ²
980 4818 1074 4884 pluries
1085 4821 1111 4870 in
1123 4820 1184 4885 orig.
1204 4823 1253 4872 and
1272 4822 1315 4873 the
1327 4824 1427 4887 printed

381 4910 457 4952 texts.
930 4908 1004 4950 texts.
1035 4900 1170 4951 corrected
1192 4900 1256 4951 bom
1278 4902 1345 4954 Bibl.
1363 4903 1426 4968 Reg.

415 4980 551 5030 ⁴adecrsus
579 4980 606 5032 ln
636 4981 720 5046 orig.;
755 4981 882 5034 cometed
933 4985 964 5029 13
981 4980 1011 5031 E.
1023 4978 1060 5031 ix.

381 5061 446 5112 from
462 5062 505 5112 the
515 5061 617 5125 printed
627 5068 702 5112 texts.
