3750 6250
660 1126 825 1176 nrsroars
846 1125 1055 1180 anemonas.
1315 1116 1379 1180 369

199 1302 297 1356 3.Bibl.
333 1323 388 1378 pax
404 1310 488 1366 fieret
505 1310 582 1365 inter
599 1311 659 1366 illa.
698 1312 766 1384 Ipse
782 1314 922 1369 etiamob
943 1331 1071 1369 amorem
1087 1311 1223 1369 ¹Domini
1245 1309 1548 1385 SymonisA.D.1oro.

199 1385 221 1448 s·
236 1375 268 1421 ¹³
332 1392 369 1446 oe
385 1393 546 1465 tanguam,
564 1395 728 1452 caranus
745 1405 775 1453 es
792 1398 928 1470 Episcopi
945 1398 1128 1462 Praenestini,
1145 1396 1291 1469 quonum
1308 1395 1381 1452 oan-
1393 1401 1548 1466 indulgence
1576 1443 1581 1450 ,

198 1452 235 1487 ¹¹'
332 1479 489 1535 tuariensis
514 1480 745 1554 Archiepiscopi,
772 1482 843 1537 dum
871 1484 1039 1555 pestilentia
1066 1481 1239 1537 invaluisset
1268 1482 1299 1536 in
1326 1482 1381 1535 hec
1395 1468 1514 1533 f⁰m¹⁰f¹y

329 1566 418 1627 terra,
443 1581 496 1634 per
520 1564 622 1619 Bullas
641 1584 718 1629 snas,
738 1567 872 1621 omnibus
897 1573 967 1622 tuno
990 1567 1191 1631 morientibus,
1217 1583 1286 1620 rere
1315 1534 1546 1651 eon-ffijdbl

328 1646 407 1701 tritis
426 1653 456 1702 et
473 1648 623 1712 confessis,
643 1649 759 1720 plenam
783 1651 986 1705 remissionem
1010 1651 1046 1705 de
1071 1650 1216 1705 thesauris
1238 1649 1378 1704 Ecclesiae
1392 1666 1518 1731 pagam,

326 1731 467 1797 indulsit;
488 1734 615 1804 exeeptis
634 1734 692 1787 hiis
706 1735 757 1803 qui
770 1752 827 1789 aere
845 1734 961 1790 'alieno
975 1734 986 1766 ³
991 1735 1197 1807 gravabantur.
1235 1734 1378 1804 Magnum
1391 1734 1483 1799 dolius
1493 1735 1537 1785 the

327 1816 429 1886 utique
454 1817 635 1883 beneficium,
662 1824 692 1872 et
718 1819 796 1872 omni
820 1819 988 1891 acceptione
1015 1818 1232 1889 dignissimum,
1264 1826 1295 1873 et
1320 1801 1533 1889 quoP⁰⁸ffl0¹¹⁰0·

326 1900 441 1969 ⁴majus
458 1901 562 1956 ineolis
579 1919 637 1956 non
654 1903 751 1974 potuit
771 1902 958 1973 impendisse.

362 1984 441 2038 Huic
459 1985 601 2040 successit
624 1985 865 2049 Bartholomaeus,
887 1987 1025 2041 Berensis
1046 1985 1303 2058 Archiepisoopua
1326 1986 1377 2056 qui
1390 1986 1522 2036 Bartholo

326 2067 504 2138 multiplices
525 2069 727 2125 tribulationes
746 2070 868 2141 pertulit
886 2088 905 2125 a
925 2070 1129 2126 cardinalibus
1147 2089 1200 2141 pro
1218 2070 1300 2125 cultu
1314 2070 1377 2141 jus·
1389 2069 1461 2112 Μ’

326 2152 409 2215 litia,
441 2152 512 2209 adeo
540 2160 574 2209 nt
602 2154 660 2225 ipsi
689 2154 872 2209 ⁵niterentur
900 2171 968 2208 eum
997 2172 1064 2209 cum
1092 2153 1233 2209 dedecore
1263 2154 1376 2225 Papatu
1389 2120 1478 2250 {2329
1489 2186 1519 2236 of

326 2237 460 2306 privare3
479 2244 514 2293 ut
531 2239 653 2293 inferius
672 2238 884 2294 declarabimus
903 2257 957 2294 suo
974 2238 1047 2294 loco.
1388 2253 1456 2310 Bari,
1469 2255 1533 2304 eloc-

1388 2322 1429 2369 ted
1441 2320 1517 2383 Pope.

358 2471 535 2538 Jolvnnnca
556 2473 690 2538 Mereor
712 2472 837 2560 spelled
859 2472 985 2537 “nones
1007 2472 1104 2558 opud
1126 2469 1343 2556 Secrboargb.

361 2596 448 2653 Circa
464 2604 580 2668 tempus
599 2598 682 2662 illud,
702 2599 781 2653 filius
800 2598 942 2653 Johannis
959 2596 1102 2662 ⁷Mareer‚
1123 2598 1239 2653 natione
1259 2598 1457 2662 Scotusam

325 2681 447 2736 collecta
463 2700 521 2736 non
538 2700 629 2753 parva
645 2700 734 2737 manu
753 2681 932 2738 Gallicorum
951 2688 1038 2752 atque
1058 2683 1220 2746 Scotorum,
1234 2700 1268 2737 ae
1286 2683 1375 2736 etiam
1388 2677 1486 2745 Mem?

325 2765 533 2836 Hispanorum,
560 2766 630 2820 dum
656 2767 750 2821 adhuc
776 2766 844 2820 Dux
869 2767 1046 2820 Laneastriae
1072 2765 1219 2821 Johannes
1238 2767 1269 2820 in
1287 2768 1374 2821 terris
1387 2743 1504 2807 plundem

324 2856 434 2918 ageret,
454 2868 614 2920 aggressus
641 2857 687 2905 ost
705 2868 794 2905 naves
813 2850 954 2921 quasdam
973 2850 1051 2920 apud
1070 2850 1272 2920 Soarbourgh3
1302 2869 1374 2921 quas
1387 2825 1494 2939 ffiish

324 2933 456 2988 incantas
474 2934 534 2988 levi
551 2935 671 3005 negotio
689 2936 776 3006 cepit,
797 2940 828 2989 et
846 2951 946 2988 seeum
965 2932 1003 2987 ad
1019 2951 1100 2987 mare
1118 2933 1248 2997 deduxit,
1269 2935 1374 2989 occisis
1387 2942 1457 3005 ships
1468 2956 1530 2991 near

321 3017 404 3086 prius
423 3017 598 3088 quibusdam
624 3019 675 3089 qui
700 3018 825 3072 navibus
851 3017 911 3071 illis
937 3023 1091 3087 praeerant,
1119 3017 1294 3087 quibusdam
1311 3018 1374 3072 vin·
1387 3009 1539 3071 Chefbffirl-V·

321 3101 396 3155 culis
425 3102 607 3173 mancipatis.
658 3102 697 3157 Et
726 3101 792 3156 ideo
822 3119 909 3173 quam
939 3101 1065 3156 maxime
1093 3100 1170 3155 ⁸ista
1194 3101 1372 3156 nostratibus
1387 3101 1504 3152 Grounds

321 3184 512 3255 irrogaverat,
540 3187 570 3239 in
595 3186 736 3240 ultionem
763 3186 911 3257 opprobrii
936 3185 1028 3256 patris
1060 3184 1115 3248 sui,
1148 3184 1199 3254 qui
1226 3191 1311 3238 antea
1336 3185 1372 3239 ab
1385 3169 1462 3219 ⁰sffi⁸

320 3269 427 3338 Anglis
454 3277 556 3341 captus
584 3271 689 3335 fuerat,
717 3276 746 3324 ct
772 3271 804 3324 in
830 3269 951 3325 castello
976 3269 1012 3323 de
1033 3267 1219 3338 Scarbourgh
1237 3268 1373 3323 mandato
1385 3236 1498 3303 immiti
1499 3276 1505 3286 “

321 3353 403 3421 regio
422 3353 594 3408 custoditus.
633 3354 688 3408 Est
705 3359 803 3407 autem
821 3360 904 3424 pater
922 3352 987 3423 ejus
999 3368 1082 3421 aeque
1096 3351 1200 3406 Scotus
1212 3357 1273 3406 tam
1285 3358 1372 3421 gente

321 3453 409 3505 quam
433 3437 538 3507 patria,
568 3443 598 3491 ot
622 3436 698 3507 Regi
724 3436 855 3490 Francius
880 3443 999 3507 propter
1023 3435 1141 3489 divitias
1166 3434 1275 3489 multas
1298 3453 1371 3506 prae·

321 3518 462 3584 dilectus;
482 3537 550 3573 nam
577 3527 641 3574 orat
658 3520 865 3585 mercenarius,
894 3526 925 3575 et
949 3521 996 3575 vir
1014 3519 1086 3574 satis
1103 3517 1185 3572 vafer
1203 3523 1233 3572 et
1250 3519 1372 3573 consilio

321 3602 469 3673 providus,
483 3603 567 3673 cujus
582 3621 639 3657 non
650 3604 798 3658 immerito
816 3604 875 3658 oris
895 3603 1020 3668 decreta,
1034 3603 1065 3656 in
1082 3602 1141 3656 hiis
1154 3619 1220 3672 quae
1232 3602 1371 3671 Angliam

321 3686 537 3756 contingebant,
557 3688 621 3758 ipse
639 3687 702 3741 Rex
721 3693 751 3742 et
769 3705 868 3742 omnes
896 3686 1003 3742 Gallici
1029 3686 1233 3756 sequebantur.
1271 3686 1368 3750 Hunc,

321 3786 391 3823 casu
418 3770 613 3840 interceptum
638 3789 705 3824 cum
731 3771 905 3841 quibusdam
939 3770 1073 3834 navibus,
1104 3769 1370 3825 Northnmbrenses

320 3869 421 3906 eorum
457 3852 565 3908 Comiti
601 3860 823 3924 praesentanmt.
873 3853 940 3923 Qui,
978 3859 1012 3908 ut
1040 3853 1178 3919 diximus,
1208 3853 1240 3906 in
1270 3852 1370 3907 eodem

320 3935 441 3991 castello
464 3937 604 3991 custodias
631 3937 796 4008 deputatus,
823 3938 882 3994 cito
907 3944 974 4008 post
1000 3937 1177 3992 deliberatus
1202 3937 1306 4002 fuerat,
1333 3935 1371 3990 ad

320 4037 460 4090 magnum
478 4019 616 4075 damnum
634 4022 725 4076 totius
751 4022 837 4092 regni
864 4028 895 4077 ct
921 4021 1051 4076 omnium
1075 4021 1246 4076 incolarum.
1292 4019 1370 4074 Nam

320 4104 345 4157 si
376 4105 545 4176 redemptus
576 4105 681 4159 fuisset
710 4107 892 4176 captivorum
921 4123 1012 4169 more,
1044 4105 1157 4176 Regem
1187 4112 1218 4159 et
1246 4121 1369 4172 regnum

319 4187 517 4243 inaestimabili
544 4190 667 4259 pecunia
684 4188 791 4244 divites
809 4189 962 4245 effecisset.
1000 4188 1100 4259 Hujus
1118 4188 1206 4251 filius,
1226 4193 1260 4241 ut
1276 4191 1367 4255 'prm-

319 4270 486 4336 libavimus,
517 4279 673 4343 postquam
709 4273 815 4328 damna
851 4273 1030 4328 nostratibus
1067 4272 1144 4343 apud
1182 4268 1368 4339 Searbourgh

319 4354 477 4419 intulisset,
509 4357 690 4427 gloriabatur
720 4357 756 4411 de
786 4357 932 4412 arridente
967 4356 1024 4411 sibi
1050 4356 1174 4418 fortuna,
1203 4360 1234 4409 et
1259 4353 1369 4422 majora

355 4568 360 4597 ¹
374 4565 484 4632 Dompni
495 4568 520 4617 in
532 4569 612 4633 orig.;
630 4569 672 4618 the
689 4568 821 4618 mediaeval
896 4568 1066 4615 ’mirarentur
1089 4564 1115 4613 in
1139 4562 1214 4628 orig.;
1239 4565 1367 4614 corrected

322 4645 393 4694 form.
864 4645 929 4695 from
940 4645 983 4694 the
995 4644 1096 4708 printed
1107 4649 1182 4693 texta.

353 4725 455 4778 ²nlienoe
463 4729 490 4778 in
497 4728 561 4793 orig.
573 4730 624 4778 and
636 4727 663 4777 in
671 4728 714 4778 the
722 4727 822 4792 printed
896 4727 906 4754 ⁸
918 4722 1023 4772 navibus
1033 4723 1060 4771 in
1073 4722 1135 4787 orig.

320 4815 395 4857 texts.
898 4806 906 4831 ²
919 4803 1019 4852 Mereor
1029 4801 1056 4851 in
1068 4803 1111 4852 the
1122 4802 1223 4868 printed
1234 4809 1309 4855 texts.

353 4886 510 4950 'novantur
521 4885 548 4935 in
559 4886 602 4937 the
613 4885 714 4949 printed
723 4892 796 4936 texts.
898 4883 968 4930 'isto
980 4881 1084 4932 omitted
1093 4881 1120 4931 in
1133 4883 1176 4932 the
1185 4882 1286 4947 printed
1292 4889 1366 4933 texts.

354 4966 450 5031 ‘napis
458 4966 485 5015 in
496 4965 569 5030 orig„
580 4967 614 5029 by
627 4966 803 5016 inadvertcnce
814 4985 821 5023 ς
898 4963 907 4990 ⁹
915 4959 1107 5025 protelavimus
1118 4960 1145 5010 in
1158 4961 1221 5026 orig.

321 5045 450 5094 corrected
462 5045 526 5094 tlom
537 5045 581 5095 the
591 5044 692 5108 printed
703 5051 778 5094 texts.

1164 5139 1188 5187 Δ
1210 5139 1234 5187 Δ
