3750 6250
663 1110 826 1158 nrsronra
850 1110 1057 1160 nutaretur.
1321 1095 1384 1162 257

290 1309 307 1361 ι
337 1297 356 1321 “
376 1302 407 1351 et
429 1296 555 1367 publicis
585 1296 714 1362 consiliis
747 1299 911 1368 opportuni,
934 1297 1064 1351 studium
1089 1296 1235 1359 deserunt,
1267 1297 1551 1367 propt0rA.D.1343.

348 1381 564 1450 ‘promotionis
595 1398 730 1452 congr-nar
762 1385 859 1452 ¹spem
890 1380 1025 1444 ablatam,
1057 1398 1121 1450 quar
1145 1379 1252 1433 divinar
1277 1380 1385 1434 seimus

288 1459 303 1492 l·
336 1467 355 1489 u

288 1509 294 1557 Ι
374 1481 432 1517 non
455 1482 520 1518 esse
550 1464 658 1535 placito
686 1465 840 1520 voluntati.
891 1464 1059 1533 Quinimmo
1083 1481 1173 1534 grave
1197 1469 1330 1517 nostrum
1356 1471 1386 1518 et

336 1549 354 1572 “
374 1547 505 1602 fidelium
522 1554 687 1603 nostrorum
699 1554 834 1602 versatur
852 1547 900 1602 2ἰιι
921 1547 1124 1619 praejudicium
1137 1553 1167 1601 et
1183 1547 1385 1601 lrucstimnbile

335 1633 354 1656 ‘⁴
374 1631 547 1701 periculum,
580 1632 639 1685 nisi
670 1648 758 1702 super
779 1633 833 1686 hoe
857 1632 944 1686 citius
972 1637 1002 1685 et
1028 1629 1189 1684 consultius
1220 1648 1382 1684 caveamus.

335 1716 354 1739 ‘⁴
373 1713 451 1768 Nam
467 1715 517 1786 jus
536 1722 715 1786 patronatus,
742 1716 819 1785 quod
843 1733 895 1770 nos
922 1721 951 1768 ct
972 1713 1072 1767 fideles
1101 1714 1192 1768 nostri
1223 1713 1254 1766 in
1277 1713 1384 1767 talibus

335 1799 354 1823 “
374 1797 539 1853 obtinemus
551 1798 708 1862 beneficiis,
721 1803 892 1862 enervatur;
907 1796 998 1853 Curia
1009 1803 1117 1860 nostra,
1133 1798 1164 1850 in
1177 1814 1235 1867 qua
1247 1796 1386 1851 duntaxat

335 1883 354 1907 “
374 1899 469 1936 causae
493 1900 581 1953 super
601 1882 668 1952 jure
686 1888 855 1952 patronatus
874 1881 1019 1936 dictorum
1039 1880 1246 1934 beneficiorum
1265 1880 1385 1934 tractari

335 1969 353 1990 “
374 1964 488 2030 debent,
514 1965 679 2031 deluditur;
700 1972 730 2021 ot
751 1966 792 2020 sio
808 1966 877 2036 jura
900 1982 1013 2019 eoronae
1031 1971 1137 2018 nostrae
1160 1970 1221 2018 tam
1245 1964 1384 2035 probrose

335 2052 354 2074 “
375 2067 462 2119 quam
481 2049 617 2104 damnose
637 2049 804 2121 depereunt,
830 2056 860 2105 et
880 2050 964 2120 regni
991 2048 1144 2103 thesaurus
1165 2049 1202 2102 ad
1223 2055 1383 2111 extraneos,

336 2136 354 2158 ‘⁴
374 2150 411 2186 ne
435 2133 530 2188 dicem
557 2141 670 2188 nostros
691 2133 859 2197 malevolos,
883 2138 1058 2204 asportatur,
1082 2131 1184 2186 subtili
1204 2131 1301 2186 forsan
1318 2149 1384 2186 oon·

335 2220 354 2243 “
371 2217 494 2286 jectura,
506 2225 536 2272 et
547 2217 630 2287 regni
643 2217 779 2288 depresso
789 2217 960 2281 sacerdotio,
972 2222 1002 2270 ct
1013 2216 1077 2287 ejus
1088 2215 1227 2270 exhausto
1237 2215 1383 2279 thesauro,

336 2304 354 2326 ‘⁴
374 2299 506 2355 redditur
518 2318 641 2371 regnum
653 2301 765 2355 'debile
777 2301 809 2355 in
821 2300 961 2364 adversis,
986 2317 1051 2370 quae
1064 2300 1182 2369 singula
1199 2306 1229 2354 et
1250 2299 1308 2352 alia
1320 2316 1385 2369 quac

336 2388 354 2409 '⁴
375 2401 409 2437 ex
436 2386 597 2455 praemissis
622 2390 783 2455 sequuntur
808 2382 999 2447 incommode,
1021 2383 1139 2438 fuerunt
1165 2401 1259 2453 nuper
1285 2401 1383 2437 coram

335 2472 353 2493 ‘·
373 2467 457 2523 nobis
482 2469 513 2522 in
539 2469 735 2523 Parlinmento
762 2475 860 2523 nostro
886 2466 1017 2538 generali
1046 2466 1117 2536 ⁴per
1147 2468 1384 2522 communitatem

334 2556 352 2577 “·’
373 2550 445 2606 dicti
474 2554 558 2623 regni
588 2552 684 2623 palam
715 2553 853 2623 exposita,
880 2550 1010 2606 unanimi
1035 2557 1065 2606 et
1089 2551 1213 2604 ferventi
1245 2551 1384 2621 petitione

334 2639 352 2661 ¹⁶
374 2635 537 2706 subjuncta,
569 2643 603 2690 ut
640 2636 788 2707 praedictis
820 2635 981 2706 dispendiis
1014 2653 1078 2704 quoe
1112 2633 1276 2704 ‘'praedietae
1308 2652 1384 2689 com·

334 2724 352 2746 ‘⁸
373 2721 508 2775 mnnitati
534 2720 671 2775 ridentur
693 2720 888 2774 intolerabilia
918 2719 1052 2773 celeriter
1083 2736 1278 2772 occurramus.
1323 2718 1385 2772 Nos

334 2805 352 2828 “
373 2809 471 2857 nutem
483 2802 654 2873 Anglicanm
672 2802 888 2874 depressionem
907 2802 1057 2866 Ecclesiae,
1079 2807 1109 2855 ct
1125 2801 1385 2856 exhaeredationem

333 2891 352 2912 ‘⁶
372 2885 501 2940 ‘coronae
525 2888 625 2957 regim,
652 2904 685 2940 ao
709 2886 786 2940 mala
810 2886 951 2956 praedicta
976 2903 1041 2954 quac
1065 2884 1250 2939 dissimulata
1274 2885 1385 2939 diutius

334 2969 534 3040 “adjicerent
556 2970 758 3024 verisimiliter
788 2970 933 3039 gratiora,
960 2968 1059 3038 patulo
1090 2975 1240 3022 cernentes
1265 2968 1383 3031 iutuitu,

334 3058 352 3079 ‘¹
372 3052 410 3107 ud
422 3071 473 3107 vos
489 3069 685 3108 successorem
698 3052 902 3122 Apostolorum
915 3051 1071 3122 Principis,
1086 3052 1136 3121 qui
1150 3051 1187 3105 ad
1198 3051 1383 3122 pascendum,

334 3148 351 3163 ‘¹
372 3155 429 3191 non
448 3137 485 3192 ad
503 3137 690 3200 tondendum,
707 3154 775 3190 oves
794 3137 972 3198 Dominicas,
987 3154 1020 3190 ac
1037 3136 1074 3191 ad
1093 3135 1311 3197 confirmandos,
1329 3153 1386 3188 non

334 3227 352 3247 ⁶·
373 3220 410 3275 ad
430 3220 644 3292 deprimendos
666 3221 771 3275 fratres
794 3238 871 3283 suos,
893 3219 1062 3274 mandatum
1080 3238 1098 3273 a
1116 3219 1234 3273 Christo
1247 3219 1383 3288 suscepit,

334 3310 352 3330 ‘⁴
373 3305 430 3359 ista
447 3303 615 3369 deferimus,
634 3305 742 3358 votivis
761 3304 911 3358 affectibus
931 3304 1136 3374 supplicantes
1151 3310 1293 3372 quatenus
1311 3320 1384 3372 prai-

335 3389 472 3442 “missis
509 3388 607 3443 debite
644 3387 821 3459 ponderatis,
857 3406 890 3441 ne
921 3387 1114 3447 considerato,
1148 3386 1225 3457 quod
1255 3386 1290 3440 de
1318 3387 1385 3455 jura

335 3471 490 3525 “creandi
517 3477 585 3526 sunt
610 3471 646 3525 dc
671 3471 737 3525 vico
761 3471 861 3541 populi
888 3472 1088 3543 magistratus,
1110 3478 1148 3534 ct,
1171 3470 1256 3541 juxta
1274 3470 1384 3523 dictum

335 3564 353 3580 ‘⁶
374 3555 537 3626 Prophetae,
557 3554 643 3609 dandi
663 3563 731 3609 sunt
756 3554 791 3608 dc
809 3554 956 3609 ‘'sedentis
983 3556 1046 3609 loco
1071 3555 1170 3625 populi
1196 3553 1383 3617 ‘'munitores,

335 3644 353 3665 ‘⁶
375 3639 452 3710 quod
464 3657 516 3710 per
536 3640 636 3694 beatos
657 3639 812 3709 Apostolos
832 3639 942 3709 legitur
955 3657 1018 3694 csse
1031 3640 1149 3703 sactum,
1164 3638 1234 3692 dum
1247 3639 1384 3708 gentibus

335 3727 353 3749 '⁶
374 3723 452 3777 viros
474 3723 641 3793 linguarum
669 3741 787 3777 suarum
812 3723 951 3777 habentes
977 3723 1110 3777 notitiam
1141 3723 1383 3787 transmiserunt,

335 3810 494 3876 “pensata
524 3808 612 3861 etiem
648 3806 809 3860 devotionis
839 3806 1029 3876 plenitudine,
1062 3824 1120 3876 qua
1149 3806 1252 3860 domus
1283 3814 1384 3860 nostra

335 3893 353 3915 ‘⁶
374 3889 466 3959 regia,
486 3896 516 3944 et
533 3889 629 3944 clerus
648 3897 677 3943 et
694 3889 819 3959 populus
837 3889 908 3943 dicti
932 3891 1016 3960 regni
1035 3891 1227 3960 perstiterunt
1244 3890 1384 3944 haetenus

335 3977 353 3999 ‘⁶
373 3974 405 4027 iu
423 3972 616 4028 obedientiam
634 3972 719 4027 dietae
733 3973 827 4036 Sedis,
847 3979 965 4043 propter
984 3973 1061 4043 quod
1078 3991 1135 4027 non
1153 3974 1274 4028 haberet
1291 3980 1385 4043 pater·

335 4061 354 4083 ¹‘
375 4075 430 4111 nus
448 4056 568 4111 nfl'cctus
595 4057 638 4111 eis
663 4073 752 4109 onera
778 4061 808 4109 et
834 4057 1005 4124 gravamina
1025 4057 1183 4121 cumulare,
1203 4055 1330 4117 ⁰velitis,
1352 4063 1384 4109 ut

335 4144 354 4167 “
374 4148 457 4211 pater
476 4140 544 4195 filiis
562 4140 771 4203 thesaurizans,
800 4138 820 4170 ¹⁰
829 4139 967 4194 alleviare
993 4139 1137 4195 dictarum
1165 4140 1383 4210 impositionnm

1249 4278 1380 4287 .-—-—-

369 4370 374 4398 ι
387 4367 581 4431 ,lmfm'flurp
596 4373 651 4418 555,
856 4362 860 4419 ξ
913 4355 1025 4403 ‘caroius
1056 4361 1143 4402 ausum
1169 4353 1195 4400 in
1219 4353 1261 4401 the
1284 4352 1382 4414 printed

367 4458 501 4508 20OEth
522 4458 549 4506 in
573 4459 615 4506 the
637 4457 737 4520 printed
759 4464 834 4511 tem,
882 4440 948 4480 texts
960 4434 1010 4480 and
1022 4432 1088 4480 Bibl.
1102 4433 1164 4496 Itcg.
1180 4436 1210 4478 13
1222 4431 1251 4479 E.
1264 4429 1300 4481 ix.

335 4538 406 4587 Hm
420 4544 476 4595 555,
488 4539 538 4587 and
548 4537 617 4587 ΒΜ
631 4538 692 4601 Reg⁸
709 4542 737 4584 13
751 4537 779 4585 13·
790 4535 825 4583 ix·
914 4509 1011 4559 'eodem
1031 4508 1080 4558 Iaca
1099 4509 1125 4557 in
1144 4509 1186 4557 the
1198 4507 1295 4571 printed
1316 4515 1382 4557 texts

367 4632 377 4659 ³
388 4627 490 4677 debilius
500 4629 527 4678 in
536 4629 577 4679 the
584 4628 684 4692 printed
696 4636 762 4677 texts
784 4628 834 4675 and
881 4588 1171 4715 Μῗυῗῗὲέἰρὲἰιιῗῂὶ
1184 4586 1221 4674 ix:
1326 4682 1331 4699 Ι

334 4708 401 4758 niu.
415 4709 477 4773 neg.
489 4709 559 4758 iss.
572 4708 607 4757 rx.
1184 4666 1284 4728 ΡΜ
1306 4672 1381 4725 “nh

881 4747 931 4794 and
938 4745 1084 4809 apparently
1089 4744 1116 4792 in
1124 4743 1190 4793 Bibl.
1201 4744 1262 4806 lleg.
1271 4745 1338 4793 aar).
1345 4744 1381 4794 ix.

369 4801 433 4864 ‘W
449 4801 613 4850 mmm
631 4800 657 4848 5¹¹
676 4799 718 4848 ‘¹¹⁰
737 4798 835 4862 printed
857 4788 860 4817 Ι
914 4823 1047 4873 'Omitted
1071 4822 1098 4871 in
1123 4822 1166 4870 the
1191 4820 1292 4884 printed
1315 4829 1382 4871 texts

335 4886 401 4929 texts
413 4881 462 4929 and
473 4879 542 4928 Bibl.
554 4879 616 4942 lteg.
632 4884 661 4927 13
674 4878 703 4927 Ε,
716 4878 752 4927 ix.
881 4903 930 4951 and
943 4901 1008 4951 ΒΜ,
1022 4901 1084 4965 leeg,
1100 4899 1216 4950 13311,

368 4970 460 5019 *diem
478 4971 504 5020 in
525 4971 566 5021 the
585 4971 684 5034 printed
702 4977 768 5019 texts
786 4971 836 5019 and
915 4982 932 5009 ¹⁰
943 4978 1060 5027 alienans
1077 4978 1103 5027 in
1129 4978 1172 5028 the
1194 4977 1293 5041 printed
1315 4986 1382 5028 texts

335 5049 403 5099 Bibl.
416 5050 478 5113 Reg.
494 5057 522 5099 13
538 5051 565 5098 li.
578 5050 614 5099 ix.
881 5061 929 5108 and
943 5057 1010 5106 llibl.
1024 5058 1085 5120 lleg.
1101 5062 1131 5105 13
1143 5056 1173 5105 Ε.
1186 5056 1222 5106 ix.

348 5158 386 5185 ¹·
921 5180 925 5193 ·
1224 5154 1248 5201 1t
