<?xml version="1.0" encoding="UTF-8"?>
<!DOCTYPE html PUBLIC "-//W3C//DTD XHTML 1.0 Transitional//EN"
    "http://www.w3.org/TR/xhtml1/DTD/xhtml1-transitional.dtd">
<html xmlns="http://www.w3.org/1999/xhtml" xml:lang="en" lang="en">
 <head>
  <title>
</title>
<meta http-equiv="Content-Type" content="text/html;charset=utf-8" />
  <meta name='ocr-system' content='tesseract 3.04.00' />
  <meta name='ocr-capabilities' content='ocr_page ocr_carea ocr_par ocr_line ocrx_word'/>
</head>
<body>
  <div class='ocr_page' id='page_1' title='image "./thomaewalsingha00rilegoog_0455.png"; bbox 0 0 3750 6250; ppageno 0'>
   <div class='ocr_carea' id='block_1_1' title="bbox 750 1116 1473 1180">
    <p class='ocr_par' dir='ltr' id='par_1_1' title="bbox 750 1116 1473 1180">
     <span class='ocr_line' id='line_1_1' title="bbox 750 1116 1473 1180; baseline 0.003 -3"><span class='ocrx_word' id='word_1_1' title='bbox 750 1128 913 1179; x_wconf 77' lang='lat' dir='ltr'>asareem</span> <span class='ocrx_word' id='word_1_2' title='bbox 935 1128 1141 1178; x_wconf 66' lang='lat' dir='ltr'>manicias</span> <span class='ocrx_word' id='word_1_3' title='bbox 1409 1116 1473 1180; x_wconf 78' lang='lat'>419</span> 
     </span>
    </p>
   </div>
   <div class='ocr_carea' id='block_1_2' title="bbox 298 1307 1641 1471">
    <p class='ocr_par' dir='ltr' id='par_1_2' title="bbox 298 1307 1641 1471">
     <span class='ocr_line' id='line_1_2' title="bbox 298 1307 1641 1385; baseline -0.001 -19"><span class='ocrx_word' id='word_1_4' title='bbox 298 1311 312 1369; x_wconf 76' lang='lat'>².</span> <span class='ocrx_word' id='word_1_5' title='bbox 323 1315 393 1368; x_wconf 89' lang='lat' dir='ltr'>Bibl.</span> <span class='ocrx_word' id='word_1_6' title='bbox 423 1312 631 1379; x_wconf 63' lang='lat' dir='ltr'>incusserant,</span> <span class='ocrx_word' id='word_1_7' title='bbox 647 1331 701 1369; x_wconf 92' lang='lat' dir='ltr'>nec</span> <span class='ocrx_word' id='word_1_8' title='bbox 720 1313 893 1379; x_wconf 85' lang='lat' dir='ltr'>¹immeritc,</span> <span class='ocrx_word' id='word_1_9' title='bbox 920 1313 990 1385; x_wconf 89' lang='lat' dir='ltr'>quia</span> <span class='ocrx_word' id='word_1_10' title='bbox 1013 1314 1143 1384; x_wconf 85' lang='lat' dir='ltr'>profecte</span> <span class='ocrx_word' id='word_1_11' title='bbox 1161 1313 1187 1367; x_wconf 91' lang='lat' dir='ltr'>si</span> <span class='ocrx_word' id='word_1_12' title='bbox 1205 1312 1268 1367; x_wconf 90' lang='lat' dir='ltr'>Deo</span> <span class='ocrx_word' id='word_1_13' title='bbox 1291 1329 1349 1367; x_wconf 90' lang='lat' dir='ltr'>non</span> <span class='ocrx_word' id='word_1_14' title='bbox 1373 1311 1473 1384; x_wconf 90' lang='lat' dir='ltr'>displi-</span> <span class='ocrx_word' id='word_1_15' title='bbox 1485 1307 1554 1360; x_wconf 77' lang='lat' dir='ltr'>AD·</span> <span class='ocrx_word' id='word_1_16' title='bbox 1569 1314 1641 1364; x_wconf 80' lang='grc'><strong>1373.</strong></span> 
     </span>
     <span class='ocr_line' id='line_1_3' title="bbox 298 1388 1583 1471; baseline 0 -21"><span class='ocrx_word' id='word_1_17' title='bbox 298 1399 316 1462; x_wconf 67' lang='lat' dir='ltr'>l·</span> <span class='ocrx_word' id='word_1_18' title='bbox 331 1388 361 1433; x_wconf 77' lang='lat'>¹³</span> <span class='ocrx_word' id='word_1_19' title='bbox 423 1396 532 1451; x_wconf 75' lang='lat' dir='ltr'>auisset</span> <span class='ocrx_word' id='word_1_20' title='bbox 555 1397 623 1452; x_wconf 90' lang='lat' dir='ltr'>talis</span> <span class='ocrx_word' id='word_1_21' title='bbox 650 1400 804 1462; x_wconf 86' lang='lat' dir='ltr'>exercitus,</span> <span class='ocrx_word' id='word_1_22' title='bbox 832 1417 885 1471; x_wconf 92' lang='lat' dir='ltr'>pro</span> <span class='ocrx_word' id='word_1_23' title='bbox 910 1399 1019 1452; x_wconf 85' lang='lat' dir='ltr'>virium</span> <span class='ocrx_word' id='word_1_24' title='bbox 1039 1399 1140 1468; x_wconf 90' lang='lat' dir='ltr'>gloria,</span> <span class='ocrx_word' id='word_1_25' title='bbox 1162 1415 1215 1467; x_wconf 92' lang='lat' dir='ltr'>pro</span> <span class='ocrx_word' id='word_1_26' title='bbox 1233 1398 1388 1467; x_wconf 77' lang='lat' dir='ltr'>praeliandi</span> <span class='ocrx_word' id='word_1_27' title='bbox 1406 1399 1583 1451; x_wconf 86' lang='lat' dir='ltr'>ean-Reason</span> 
     </span>
    </p>
   </div>
   <div class='ocr_carea' id='block_1_3' title="bbox 298 1465 333 1499">
    <p class='ocr_par' dir='ltr' id='par_1_3' title="bbox 298 1465 333 1499">
     <span class='ocr_line' id='line_1_4' title="bbox 298 1465 333 1499; baseline 0.029 -1"><span class='ocrx_word' id='word_1_28' title='bbox 298 1465 333 1499; x_wconf 74' lang='lat' dir='ltr'>lx.</span> 
     </span>
    </p>
   </div>
   <div class='ocr_carea' id='block_1_4' title="bbox 422 1464 1637 1583">
    <p class='ocr_par' dir='ltr' id='par_1_4' title="bbox 422 1464 1637 1583">
     <span class='ocr_line' id='line_1_5' title="bbox 422 1464 1637 1583; baseline 0 -48"><span class='ocrx_word' id='word_1_29' title='bbox 422 1480 489 1543; x_wconf 89' lang='lat' dir='ltr'>tela,</span> <span class='ocrx_word' id='word_1_30' title='bbox 516 1498 570 1552; x_wconf 90' lang='lat' dir='ltr'>pro</span> <span class='ocrx_word' id='word_1_31' title='bbox 595 1483 749 1537; x_wconf 88' lang='lat' dir='ltr'>resistendi</span> <span class='ocrx_word' id='word_1_32' title='bbox 773 1490 874 1538; x_wconf 86' lang='lat' dir='ltr'>eontra</span> <span class='ocrx_word' id='word_1_33' title='bbox 891 1484 989 1537; x_wconf 85' lang='lat' dir='ltr'>hostes</span> <span class='ocrx_word' id='word_1_34' title='bbox 1014 1482 1144 1546; x_wconf 87' lang='lat' dir='ltr'>audacia,</span> <span class='ocrx_word' id='word_1_35' title='bbox 1167 1499 1224 1535; x_wconf 91' lang='lat' dir='ltr'>non</span> <span class='ocrx_word' id='word_1_36' title='bbox 1241 1489 1350 1536; x_wconf 88' lang='lat' dir='ltr'>temere</span> <span class='ocrx_word' id='word_1_37' title='bbox 1369 1464 1637 1583; x_wconf 47' lang='lat' dir='ltr'>fuissetfg’ztiefflifflfi·</span> 
     </span>
    </p>
   </div>
   <div class='ocr_carea' id='block_1_5' title="bbox 421 1563 1593 1651">
    <p class='ocr_par' dir='ltr' id='par_1_5' title="bbox 421 1563 1593 1651">
     <span class='ocr_line' id='line_1_6' title="bbox 421 1563 1593 1651; baseline 0.005 -35"><span class='ocrx_word' id='word_1_38' title='bbox 421 1564 533 1619; x_wconf 89' lang='lat' dir='ltr'>cunctis</span> <span class='ocrx_word' id='word_1_39' title='bbox 562 1565 682 1620; x_wconf 80' lang='lat' dir='ltr'>Gallicis</span> <span class='ocrx_word' id='word_1_40' title='bbox 718 1566 900 1621; x_wconf 87' lang='lat' dir='ltr'>metuendus.</span> <span class='ocrx_word' id='word_1_41' title='bbox 958 1566 1016 1621; x_wconf 82' lang='lat' dir='ltr'>Sed</span> <span class='ocrx_word' id='word_1_42' title='bbox 1042 1566 1113 1635; x_wconf 88' lang='lat' dir='ltr'>quid</span> <span class='ocrx_word' id='word_1_43' title='bbox 1139 1566 1218 1620; x_wconf 87' lang='lat' dir='ltr'>valet</span> <span class='ocrx_word' id='word_1_44' title='bbox 1242 1566 1288 1620; x_wconf 84' lang='lat' dir='ltr'>ris</span> <span class='ocrx_word' id='word_1_45' title='bbox 1322 1563 1471 1619; x_wconf 74' lang='lat' dir='ltr'>humana?</span> <span class='ocrx_word' id='word_1_46' title='bbox 1484 1614 1593 1651; x_wconf 48' lang='lat' dir='ltr'>nucem</span> 
     </span>
    </p>
   </div>
   <div class='ocr_carea' id='block_1_6' title="bbox 412 1646 1634 3904">
    <p class='ocr_par' dir='ltr' id='par_1_6' title="bbox 419 1646 1468 1971">
     <span class='ocr_line' id='line_1_7' title="bbox 422 1646 1468 1721; baseline 0.002 -20"><span class='ocrx_word' id='word_1_47' title='bbox 422 1646 499 1715; x_wconf 80' lang='lat' dir='ltr'>Quid</span> <span class='ocrx_word' id='word_1_48' title='bbox 521 1649 653 1704; x_wconf 75' lang='lat' dir='ltr'>astutia?</span> <span class='ocrx_word' id='word_1_49' title='bbox 690 1650 766 1719; x_wconf 81' lang='lat' dir='ltr'>Quid</span> <span class='ocrx_word' id='word_1_50' title='bbox 790 1649 961 1721; x_wconf 72' lang='lat' dir='ltr'>opulentia?</span> <span class='ocrx_word' id='word_1_51' title='bbox 982 1650 1023 1714; x_wconf 75' lang='lat' dir='ltr'>Si,</span> <span class='ocrx_word' id='word_1_52' title='bbox 1048 1651 1097 1703; x_wconf 89' lang='lat' dir='ltr'>eui</span> <span class='ocrx_word' id='word_1_53' title='bbox 1121 1650 1184 1704; x_wconf 76' lang='lat' dir='ltr'>haee</span> <span class='ocrx_word' id='word_1_54' title='bbox 1205 1649 1468 1714; x_wconf 88' lang='lat' dir='ltr'>accommodantur,</span> 
     </span>
     <span class='ocr_line' id='line_1_8' title="bbox 420 1732 1467 1805; baseline 0.002 -20"><span class='ocrx_word' id='word_1_55' title='bbox 420 1748 543 1801; x_wconf 89' lang='lat' dir='ltr'>persona</span> <span class='ocrx_word' id='word_1_56' title='bbox 563 1733 717 1805; x_wconf 71' lang='lat' dir='ltr'>displiceat</span> <span class='ocrx_word' id='word_1_57' title='bbox 740 1734 881 1798; x_wconf 74' lang='lat' dir='ltr'>Creatori,</span> <span class='ocrx_word' id='word_1_58' title='bbox 907 1734 1012 1804; x_wconf 89' lang='lat' dir='ltr'>utique</span> <span class='ocrx_word' id='word_1_59' title='bbox 1029 1750 1086 1787; x_wconf 93' lang='lat' dir='ltr'>non</span> <span class='ocrx_word' id='word_1_60' title='bbox 1104 1733 1142 1787; x_wconf 90' lang='lat' dir='ltr'>ad</span> <span class='ocrx_word' id='word_1_61' title='bbox 1163 1733 1286 1803; x_wconf 79' lang='lat' dir='ltr'>gloriam</span> <span class='ocrx_word' id='word_1_62' title='bbox 1304 1732 1467 1804; x_wconf 89' lang='lat' dir='ltr'>preficiunt,</span> 
     </span>
     <span class='ocr_line' id='line_1_9' title="bbox 420 1815 1467 1886; baseline 0.004 -19"><span class='ocrx_word' id='word_1_63' title='bbox 420 1815 472 1868; x_wconf 90' lang='lat' dir='ltr'>sed</span> <span class='ocrx_word' id='word_1_64' title='bbox 495 1815 694 1886; x_wconf 83' lang='lat' dir='ltr'>ignominiam,</span> <span class='ocrx_word' id='word_1_65' title='bbox 720 1824 750 1873; x_wconf 92' lang='lat' dir='ltr'>et</span> <span class='ocrx_word' id='word_1_66' title='bbox 774 1818 896 1872; x_wconf 77' lang='lat' dir='ltr'>forsitan</span> <span class='ocrx_word' id='word_1_67' title='bbox 918 1817 1042 1871; x_wconf 86' lang='lat' dir='ltr'>tendunt</span> <span class='ocrx_word' id='word_1_68' title='bbox 1065 1815 1102 1869; x_wconf 87' lang='lat' dir='ltr'>ad</span> <span class='ocrx_word' id='word_1_69' title='bbox 1120 1816 1310 1870; x_wconf 81' lang='lat' dir='ltr'>damnationis</span> <span class='ocrx_word' id='word_1_70' title='bbox 1329 1833 1467 1886; x_wconf 88' lang='lat' dir='ltr'>augmen-</span> 
     </span>
     <span class='ocr_line' id='line_1_10' title="bbox 419 1899 1414 1971; baseline 0.003 -20"><span class='ocrx_word' id='word_1_71' title='bbox 419 1903 491 1951; x_wconf 86' lang='lat' dir='ltr'>tum.</span> <span class='ocrx_word' id='word_1_72' title='bbox 540 1899 599 1954; x_wconf 80' lang='lat' dir='ltr'>Sed</span> <span class='ocrx_word' id='word_1_73' title='bbox 616 1900 652 1955; x_wconf 90' lang='lat' dir='ltr'>de</span> <span class='ocrx_word' id='word_1_74' title='bbox 670 1901 728 1955; x_wconf 88' lang='lat' dir='ltr'>hiis</span> <span class='ocrx_word' id='word_1_75' title='bbox 746 1901 903 1967; x_wconf 81' lang='lat' dir='ltr'>hactenus3</span> <span class='ocrx_word' id='word_1_76' title='bbox 919 1901 983 1971; x_wconf 90' lang='lat' dir='ltr'>jam</span> <span class='ocrx_word' id='word_1_77' title='bbox 1000 1900 1037 1955; x_wconf 88' lang='lat' dir='ltr'>ad</span> <span class='ocrx_word' id='word_1_78' title='bbox 1054 1901 1207 1955; x_wconf 82' lang='lat' dir='ltr'>materiam</span> <span class='ocrx_word' id='word_1_79' title='bbox 1224 1905 1414 1955; x_wconf 83' lang='lat' dir='ltr'>revertamur.</span> 
     </span>
    </p>

    <p class='ocr_par' dir='ltr' id='par_1_7' title="bbox 412 1981 1634 3651">
     <span class='ocr_line' id='line_1_11' title="bbox 454 1981 1603 2055; baseline 0.001 -20"><span class='ocrx_word' id='word_1_80' title='bbox 454 1981 529 2035; x_wconf 79' lang='lat' dir='ltr'>Cum</span> <span class='ocrx_word' id='word_1_81' title='bbox 553 1983 654 2053; x_wconf 89' lang='lat' dir='ltr'>igitur,</span> <span class='ocrx_word' id='word_1_82' title='bbox 680 1991 714 2039; x_wconf 88' lang='lat' dir='ltr'>ut</span> <span class='ocrx_word' id='word_1_83' title='bbox 732 1985 929 2055; x_wconf 72' lang='lat' dir='ltr'>prediximus,</span> <span class='ocrx_word' id='word_1_84' title='bbox 949 1985 1092 2039; x_wconf 85' lang='lat' dir='ltr'>Dominus</span> <span class='ocrx_word' id='word_1_85' title='bbox 1113 1984 1134 2038; x_wconf 92' lang='lat' dir='ltr'><strong>J</strong></span> <span class='ocrx_word' id='word_1_86' title='bbox 1135 1984 1260 2038; x_wconf 88' lang='lat' dir='ltr'>ohannes</span> <span class='ocrx_word' id='word_1_87' title='bbox 1279 1983 1315 2037; x_wconf 91' lang='lat' dir='ltr'>de</span> <span class='ocrx_word' id='word_1_88' title='bbox 1334 1983 1466 2039; x_wconf 82' lang='lat' dir='ltr'>Arnndel</span> <span class='ocrx_word' id='word_1_89' title='bbox 1479 1983 1522 2035; x_wconf 89' lang='lat' dir='ltr'>Sir</span> <span class='ocrx_word' id='word_1_90' title='bbox 1532 1985 1603 2036; x_wconf 84' lang='lat' dir='ltr'>John</span> 
     </span>
     <span class='ocr_line' id='line_1_12' title="bbox 418 2052 1591 2140; baseline 0.003 -22"><span class='ocrx_word' id='word_1_91' title='bbox 418 2081 484 2119; x_wconf 90' lang='lat' dir='ltr'>eum</span> <span class='ocrx_word' id='word_1_92' title='bbox 502 2066 563 2121; x_wconf 90' lang='lat' dir='ltr'>suis</span> <span class='ocrx_word' id='word_1_93' title='bbox 584 2068 775 2139; x_wconf 90' lang='lat' dir='ltr'>complicibus</span> <span class='ocrx_word' id='word_1_94' title='bbox 795 2069 832 2123; x_wconf 85' lang='lat' dir='ltr'>ad</span> <span class='ocrx_word' id='word_1_95' title='bbox 849 2066 976 2139; x_wconf 80' lang='lat' dir='ltr'>¹[mare]</span> <span class='ocrx_word' id='word_1_96' title='bbox 995 2068 1188 2140; x_wconf 85' lang='lat' dir='ltr'>pervenisset,</span> <span class='ocrx_word' id='word_1_97' title='bbox 1206 2072 1237 2121; x_wconf 91' lang='lat' dir='ltr'>et</span> <span class='ocrx_word' id='word_1_98' title='bbox 1253 2067 1375 2122; x_wconf 88' lang='lat' dir='ltr'>necdum</span> <span class='ocrx_word' id='word_1_99' title='bbox 1394 2085 1466 2122; x_wconf 88' lang='lat' dir='ltr'>aura</span> <span class='ocrx_word' id='word_1_100' title='bbox 1477 2052 1591 2102; x_wconf 63' lang='lat' dir='ltr'>Afflnffl</span> 
     </span>
     <span class='ocr_line' id='line_1_13' title="bbox 416 2118 1584 2233; baseline 0.002 -31"><span class='ocrx_word' id='word_1_101' title='bbox 416 2150 543 2204; x_wconf 88' lang='lat' dir='ltr'>secunda</span> <span class='ocrx_word' id='word_1_102' title='bbox 560 2151 644 2207; x_wconf 87' lang='lat' dir='ltr'>flaret</span> <span class='ocrx_word' id='word_1_103' title='bbox 661 2153 779 2217; x_wconf 88' lang='lat' dir='ltr'>eisdem,</span> <span class='ocrx_word' id='word_1_104' title='bbox 797 2153 907 2216; x_wconf 83' lang='lat' dir='ltr'>statuit,</span> <span class='ocrx_word' id='word_1_105' title='bbox 927 2158 962 2207; x_wconf 91' lang='lat' dir='ltr'>ut</span> <span class='ocrx_word' id='word_1_106' title='bbox 979 2152 1103 2223; x_wconf 87' lang='lat' dir='ltr'>optabat,</span> <span class='ocrx_word' id='word_1_107' title='bbox 1118 2152 1244 2223; x_wconf 90' lang='lat' dir='ltr'>opperiri</span> <span class='ocrx_word' id='word_1_108' title='bbox 1262 2158 1376 2222; x_wconf 87' lang='lat' dir='ltr'>tempus</span> <span class='ocrx_word' id='word_1_109' title='bbox 1397 2118 1584 2233; x_wconf 38' lang='lat' dir='ltr'>gfff-3512?</span> 
     </span>
     <span class='ocr_line' id='line_1_14' title="bbox 417 2231 1634 2305; baseline 0.004 -20"><span class='ocrx_word' id='word_1_110' title='bbox 417 2233 499 2288; x_wconf 89' lang='lat' dir='ltr'>tioris</span> <span class='ocrx_word' id='word_1_111' title='bbox 529 2236 618 2290; x_wconf 84' lang='lat' dir='ltr'>venti.</span> <span class='ocrx_word' id='word_1_112' title='bbox 672 2237 805 2291; x_wconf 86' lang='lat' dir='ltr'>Perrexit</span> <span class='ocrx_word' id='word_1_113' title='bbox 827 2238 939 2292; x_wconf 89' lang='lat' dir='ltr'>interea</span> <span class='ocrx_word' id='word_1_114' title='bbox 971 2236 1008 2290; x_wconf 86' lang='lat' dir='ltr'>ad</span> <span class='ocrx_word' id='word_1_115' title='bbox 1036 2235 1181 2305; x_wconf 88' lang='lat' dir='ltr'>quoddam</span> <span class='ocrx_word' id='word_1_116' title='bbox 1210 2231 1461 2305; x_wconf 85' lang='lat' dir='ltr'>⁸[menasterium]</span> <span class='ocrx_word' id='word_1_117' title='bbox 1476 2252 1634 2301; x_wconf 73' lang='lat' dir='ltr'>andethan-</span> 
     </span>
     <span class='ocr_line' id='line_1_15' title="bbox 416 2317 1625 2392; baseline 0.002 -23"><span class='ocrx_word' id='word_1_118' title='bbox 416 2317 586 2372; x_wconf 87' lang='lat' dir='ltr'>monialium</span> <span class='ocrx_word' id='word_1_119' title='bbox 604 2319 753 2390; x_wconf 84' lang='lat' dir='ltr'>virginum</span> <span class='ocrx_word' id='word_1_120' title='bbox 770 2338 827 2375; x_wconf 92' lang='lat' dir='ltr'>nen</span> <span class='ocrx_word' id='word_1_121' title='bbox 841 2320 943 2392; x_wconf 91' lang='lat' dir='ltr'>procul</span> <span class='ocrx_word' id='word_1_122' title='bbox 962 2320 1060 2383; x_wconf 89' lang='lat' dir='ltr'>situm,</span> <span class='ocrx_word' id='word_1_123' title='bbox 1075 2325 1113 2383; x_wconf 92' lang='lat' dir='ltr'>et,</span> <span class='ocrx_word' id='word_1_124' title='bbox 1127 2336 1194 2372; x_wconf 88' lang='lat' dir='ltr'>cum</span> <span class='ocrx_word' id='word_1_125' title='bbox 1213 2319 1273 2373; x_wconf 88' lang='lat' dir='ltr'>suis</span> <span class='ocrx_word' id='word_1_126' title='bbox 1286 2319 1462 2389; x_wconf 88' lang='lat' dir='ltr'>ingrediens,</span> <span class='ocrx_word' id='word_1_127' title='bbox 1477 2318 1597 2367; x_wconf 71' lang='lat' dir='ltr'>selaeseu</span> <span class='ocrx_word' id='word_1_128' title='bbox 1609 2335 1625 2368; x_wconf 85' lang='lat' dir='ltr'>a</span> 
     </span>
     <span class='ocr_line' id='line_1_16' title="bbox 416 2382 1632 2471; baseline 0.001 -15"><span class='ocrx_word' id='word_1_129' title='bbox 416 2402 501 2471; x_wconf 86' lang='lat' dir='ltr'>petiit</span> <span class='ocrx_word' id='word_1_130' title='bbox 520 2420 538 2456; x_wconf 89' lang='lat' dir='ltr'>a</span> <span class='ocrx_word' id='word_1_131' title='bbox 554 2408 647 2458; x_wconf 86' lang='lat' dir='ltr'>matre</span> <span class='ocrx_word' id='word_1_132' title='bbox 666 2404 842 2469; x_wconf 88' lang='lat' dir='ltr'>monasterii,</span> <span class='ocrx_word' id='word_1_133' title='bbox 862 2410 896 2459; x_wconf 90' lang='lat' dir='ltr'>nt</span> <span class='ocrx_word' id='word_1_134' title='bbox 911 2403 1020 2458; x_wconf 90' lang='lat' dir='ltr'>ibidem</span> <span class='ocrx_word' id='word_1_135' title='bbox 1039 2421 1107 2457; x_wconf 85' lang='lat' dir='ltr'>suos</span> <span class='ocrx_word' id='word_1_136' title='bbox 1128 2401 1347 2466; x_wconf 76' lang='lat' dir='ltr'>commilitones,</span> <span class='ocrx_word' id='word_1_137' title='bbox 1367 2403 1398 2456; x_wconf 92' lang='lat' dir='ltr'>in</span> <span class='ocrx_word' id='word_1_138' title='bbox 1416 2421 1465 2457; x_wconf 91' lang='lat' dir='ltr'>ne·</span> <span class='ocrx_word' id='word_1_139' title='bbox 1478 2382 1632 2434; x_wconf 67' lang='lat' dir='ltr'>⁰⁰¹¹V⁰¹¹t⁰f</span> 
     </span>
     <span class='ocr_line' id='line_1_17' title="bbox 417 2465 1549 2559; baseline 0.003 -20"><span class='ocrx_word' id='word_1_140' title='bbox 417 2486 506 2555; x_wconf 91' lang='lat' dir='ltr'>gotiis</span> <span class='ocrx_word' id='word_1_141' title='bbox 522 2488 614 2557; x_wconf 86' lang='lat' dir='ltr'>regiis</span> <span class='ocrx_word' id='word_1_142' title='bbox 633 2488 820 2551; x_wconf 80' lang='lat' dir='ltr'>laboratores,</span> <span class='ocrx_word' id='word_1_143' title='bbox 840 2488 1024 2559; x_wconf 86' lang='lat' dir='ltr'>permitteret</span> <span class='ocrx_word' id='word_1_144' title='bbox 1044 2486 1195 2558; x_wconf 79' lang='lat' dir='ltr'>hospitari.</span> <span class='ocrx_word' id='word_1_145' title='bbox 1232 2486 1465 2542; x_wconf 83' lang='lat' dir='ltr'>Sanctimenialis</span> <span class='ocrx_word' id='word_1_146' title='bbox 1477 2465 1549 2500; x_wconf 65' lang='lat' dir='ltr'>nm</span> 
     </span>
     <span class='ocr_line' id='line_1_18' title="bbox 417 2570 1465 2643; baseline 0.003 -21"><span class='ocrx_word' id='word_1_147' title='bbox 417 2577 514 2624; x_wconf 86' lang='lat' dir='ltr'>autem</span> <span class='ocrx_word' id='word_1_148' title='bbox 534 2571 662 2636; x_wconf 86' lang='lat' dir='ltr'>foemina,</span> <span class='ocrx_word' id='word_1_149' title='bbox 682 2581 778 2627; x_wconf 90' lang='lat' dir='ltr'>mente</span> <span class='ocrx_word' id='word_1_150' title='bbox 803 2571 912 2627; x_wconf 88' lang='lat' dir='ltr'>librans</span> <span class='ocrx_word' id='word_1_151' title='bbox 931 2572 1062 2643; x_wconf 87' lang='lat' dir='ltr'>pericula</span> <span class='ocrx_word' id='word_1_152' title='bbox 1084 2588 1149 2641; x_wconf 76' lang='lat' dir='ltr'>quse</span> <span class='ocrx_word' id='word_1_153' title='bbox 1172 2587 1225 2641; x_wconf 92' lang='lat' dir='ltr'>per</span> <span class='ocrx_word' id='word_1_154' title='bbox 1243 2570 1317 2624; x_wconf 89' lang='lat' dir='ltr'>tales</span> <span class='ocrx_word' id='word_1_155' title='bbox 1336 2571 1465 2641; x_wconf 82' lang='lat' dir='ltr'>hospites</span> 
     </span>
     <span class='ocr_line' id='line_1_19' title="bbox 416 2654 1467 2727; baseline 0 -20"><span class='ocrx_word' id='word_1_156' title='bbox 416 2660 535 2723; x_wconf 88' lang='lat' dir='ltr'>possent</span> <span class='ocrx_word' id='word_1_157' title='bbox 552 2673 712 2724; x_wconf 87' lang='lat' dir='ltr'>emergere,</span> <span class='ocrx_word' id='word_1_158' title='bbox 734 2662 764 2711; x_wconf 94' lang='lat' dir='ltr'>et</span> <span class='ocrx_word' id='word_1_159' title='bbox 788 2657 857 2727; x_wconf 89' lang='lat' dir='ltr'>quia</span> <span class='ocrx_word' id='word_1_160' title='bbox 882 2658 999 2709; x_wconf 89' lang='lat' dir='ltr'>omnino</span> <span class='ocrx_word' id='word_1_161' title='bbox 1022 2655 1159 2725; x_wconf 84' lang='lat' dir='ltr'>religioni</span> <span class='ocrx_word' id='word_1_162' title='bbox 1182 2654 1251 2708; x_wconf 87' lang='lat' dir='ltr'>talis</span> <span class='ocrx_word' id='word_1_163' title='bbox 1274 2655 1377 2725; x_wconf 85' lang='lat' dir='ltr'>petitio</span> <span class='ocrx_word' id='word_1_164' title='bbox 1401 2672 1467 2708; x_wconf 91' lang='lat' dir='ltr'>eon-</span> 
     </span>
     <span class='ocr_line' id='line_1_20' title="bbox 417 2738 1467 2810; baseline 0.001 -20"><span class='ocrx_word' id='word_1_165' title='bbox 417 2738 532 2802; x_wconf 87' lang='lat' dir='ltr'>traibat,</span> <span class='ocrx_word' id='word_1_166' title='bbox 553 2756 620 2793; x_wconf 90' lang='lat' dir='ltr'>cum</span> <span class='ocrx_word' id='word_1_167' title='bbox 640 2740 804 2795; x_wconf 83' lang='lat' dir='ltr'>reverentia</span> <span class='ocrx_word' id='word_1_168' title='bbox 821 2745 852 2796; x_wconf 91' lang='lat' dir='ltr'>et</span> <span class='ocrx_word' id='word_1_169' title='bbox 869 2740 1033 2795; x_wconf 86' lang='lat' dir='ltr'>bumilitate</span> <span class='ocrx_word' id='word_1_170' title='bbox 1052 2757 1110 2810; x_wconf 87' lang='lat' dir='ltr'>qua</span> <span class='ocrx_word' id='word_1_171' title='bbox 1129 2739 1235 2802; x_wconf 87' lang='lat' dir='ltr'>docuit,</span> <span class='ocrx_word' id='word_1_172' title='bbox 1257 2740 1391 2809; x_wconf 82' lang='lat' dir='ltr'>exposuit</span> <span class='ocrx_word' id='word_1_173' title='bbox 1411 2739 1467 2793; x_wconf 88' lang='lat' dir='ltr'>sibi</span> 
     </span>
     <span class='ocr_line' id='line_1_21' title="bbox 412 2821 1466 2896; baseline 0.002 -22"><span class='ocrx_word' id='word_1_174' title='bbox 412 2822 536 2891; x_wconf 87' lang='lat' dir='ltr'>juvenes</span> <span class='ocrx_word' id='word_1_175' title='bbox 554 2821 665 2894; x_wconf 89' lang='lat' dir='ltr'>⁴[esse]</span> <span class='ocrx_word' id='word_1_176' title='bbox 681 2824 780 2896; x_wconf 88' lang='lat' dir='ltr'>plures</span> <span class='ocrx_word' id='word_1_177' title='bbox 798 2825 849 2895; x_wconf 90' lang='lat' dir='ltr'>qui</span> <span class='ocrx_word' id='word_1_178' title='bbox 867 2843 934 2878; x_wconf 88' lang='lat' dir='ltr'>cum</span> <span class='ocrx_word' id='word_1_179' title='bbox 951 2841 985 2878; x_wconf 91' lang='lat' dir='ltr'>eo</span> <span class='ocrx_word' id='word_1_180' title='bbox 1001 2829 1149 2887; x_wconf 80' lang='lat' dir='ltr'>venerant,</span> <span class='ocrx_word' id='word_1_181' title='bbox 1163 2829 1194 2877; x_wconf 90' lang='lat' dir='ltr'>et</span> <span class='ocrx_word' id='word_1_182' title='bbox 1209 2822 1320 2893; x_wconf 89' lang='lat' dir='ltr'>impelli</span> <span class='ocrx_word' id='word_1_183' title='bbox 1333 2840 1418 2893; x_wconf 91' lang='lat' dir='ltr'>posse</span> <span class='ocrx_word' id='word_1_184' title='bbox 1430 2823 1466 2876; x_wconf 91' lang='lat' dir='ltr'>de</span> 
     </span>
     <span class='ocr_line' id='line_1_22' title="bbox 417 2906 1467 2980; baseline 0.002 -21"><span class='ocrx_word' id='word_1_185' title='bbox 417 2906 495 2960; x_wconf 82' lang='lat' dir='ltr'>facili</span> <span class='ocrx_word' id='word_1_186' title='bbox 514 2908 544 2961; x_wconf 93' lang='lat' dir='ltr'>in</span> <span class='ocrx_word' id='word_1_187' title='bbox 563 2908 658 2963; x_wconf 90' lang='lat' dir='ltr'>scelus</span> <span class='ocrx_word' id='word_1_188' title='bbox 676 2908 868 2980; x_wconf 85' lang='lat' dir='ltr'>inexpiabile;</span> <span class='ocrx_word' id='word_1_189' title='bbox 890 2908 968 2979; x_wconf 91' lang='lat' dir='ltr'>qued</span> <span class='ocrx_word' id='word_1_190' title='bbox 985 2925 1043 2961; x_wconf 91' lang='lat' dir='ltr'>non</span> <span class='ocrx_word' id='word_1_191' title='bbox 1064 2907 1158 2962; x_wconf 85' lang='lat' dir='ltr'>solum</span> <span class='ocrx_word' id='word_1_192' title='bbox 1176 2907 1207 2960; x_wconf 91' lang='lat' dir='ltr'>iu</span> <span class='ocrx_word' id='word_1_193' title='bbox 1225 2907 1412 2977; x_wconf 89' lang='lat' dir='ltr'>opprobrium</span> <span class='ocrx_word' id='word_1_194' title='bbox 1437 2912 1467 2961; x_wconf 93' lang='lat' dir='ltr'>et</span> 
     </span>
     <span class='ocr_line' id='line_1_23' title="bbox 416 2988 1467 3063; baseline 0.001 -20"><span class='ocrx_word' id='word_1_195' title='bbox 416 2988 567 3046; x_wconf 86' lang='lat' dir='ltr'>in&#39;famiam</span> <span class='ocrx_word' id='word_1_196' title='bbox 597 2992 677 3047; x_wconf 91' lang='lat' dir='ltr'>illins</span> <span class='ocrx_word' id='word_1_197' title='bbox 704 2992 771 3057; x_wconf 87' lang='lat' dir='ltr'>loci,</span> <span class='ocrx_word' id='word_1_198' title='bbox 793 2994 844 3047; x_wconf 93' lang='lat' dir='ltr'>sed</span> <span class='ocrx_word' id='word_1_199' title='bbox 871 2994 902 3047; x_wconf 89' lang='lat' dir='ltr'>in</span> <span class='ocrx_word' id='word_1_200' title='bbox 929 2991 1094 3063; x_wconf 88' lang='lat' dir='ltr'>perieulum</span> <span class='ocrx_word' id='word_1_201' title='bbox 1120 2996 1150 3045; x_wconf 92' lang='lat' dir='ltr'>et</span> <span class='ocrx_word' id='word_1_202' title='bbox 1173 2992 1334 3061; x_wconf 90' lang='lat' dir='ltr'>perniciem</span> <span class='ocrx_word' id='word_1_203' title='bbox 1362 2990 1409 3044; x_wconf 89' lang='lat' dir='ltr'>sui</span> <span class='ocrx_word' id='word_1_204' title='bbox 1436 2997 1467 3044; x_wconf 90' lang='lat' dir='ltr'>ct</span> 
     </span>
     <span class='ocr_line' id='line_1_24' title="bbox 417 3074 1466 3148; baseline 0 -20"><span class='ocrx_word' id='word_1_205' title='bbox 417 3091 538 3130; x_wconf 87' lang='lat' dir='ltr'>suerum</span> <span class='ocrx_word' id='word_1_206' title='bbox 554 3076 739 3141; x_wconf 84' lang='lat' dir='ltr'>redundaret,</span> <span class='ocrx_word' id='word_1_207' title='bbox 761 3076 812 3148; x_wconf 91' lang='lat' dir='ltr'>qui</span> <span class='ocrx_word' id='word_1_208' title='bbox 830 3094 888 3132; x_wconf 92' lang='lat' dir='ltr'>non</span> <span class='ocrx_word' id='word_1_209' title='bbox 905 3075 991 3131; x_wconf 89' lang='lat' dir='ltr'>modo</span> <span class='ocrx_word' id='word_1_210' title='bbox 1010 3079 1106 3131; x_wconf 86' lang='lat' dir='ltr'>eastra</span> <span class='ocrx_word' id='word_1_211' title='bbox 1123 3074 1273 3146; x_wconf 74' lang='lat' dir='ltr'>pudicitia</span> <span class='ocrx_word' id='word_1_212' title='bbox 1292 3075 1466 3146; x_wconf 80' lang='lat' dir='ltr'>impugnare</span> 
     </span>
     <span class='ocr_line' id='line_1_25' title="bbox 414 3159 1468 3233; baseline -0.002 -19"><span class='ocrx_word' id='word_1_213' title='bbox 414 3160 550 3224; x_wconf 87' lang='lat' dir='ltr'>vitarent,</span> <span class='ocrx_word' id='word_1_214' title='bbox 570 3161 727 3216; x_wconf 89' lang='lat' dir='ltr'>sedetiam</span> <span class='ocrx_word' id='word_1_215' title='bbox 745 3179 829 3216; x_wconf 89' lang='lat' dir='ltr'>omne</span> <span class='ocrx_word' id='word_1_216' title='bbox 848 3180 940 3232; x_wconf 89' lang='lat' dir='ltr'>genus</span> <span class='ocrx_word' id='word_1_217' title='bbox 967 3161 1077 3233; x_wconf 90' lang='lat' dir='ltr'>peceati</span> <span class='ocrx_word' id='word_1_218' title='bbox 1103 3160 1231 3230; x_wconf 87' lang='lat' dir='ltr'>effugere</span> <span class='ocrx_word' id='word_1_219' title='bbox 1249 3160 1422 3222; x_wconf 88' lang='lat' dir='ltr'>laborarent,</span> <span class='ocrx_word' id='word_1_220' title='bbox 1443 3159 1468 3213; x_wconf 86' lang='lat' dir='ltr'>si</span> 
     </span>
     <span class='ocr_line' id='line_1_26' title="bbox 417 3243 1468 3317; baseline 0 -21"><span class='ocrx_word' id='word_1_221' title='bbox 417 3243 447 3296; x_wconf 93' lang='lat' dir='ltr'>id</span> <span class='ocrx_word' id='word_1_222' title='bbox 459 3251 590 3314; x_wconf 88' lang='lat' dir='ltr'>agerent,</span> <span class='ocrx_word' id='word_1_223' title='bbox 604 3245 795 3310; x_wconf 74' lang='lat' dir='ltr'>‘obtinerent</span> <span class='ocrx_word' id='word_1_224' title='bbox 811 3245 888 3317; x_wconf 91' lang='lat' dir='ltr'>qnod</span> <span class='ocrx_word' id='word_1_225' title='bbox 902 3247 981 3301; x_wconf 87' lang='lat' dir='ltr'>viros</span> <span class='ocrx_word' id='word_1_226' title='bbox 1000 3245 1037 3300; x_wconf 93' lang='lat' dir='ltr'>ad</span> <span class='ocrx_word' id='word_1_227' title='bbox 1054 3244 1164 3299; x_wconf 92' lang='lat' dir='ltr'>bellum</span> <span class='ocrx_word' id='word_1_228' title='bbox 1177 3245 1368 3315; x_wconf 85' lang='lat' dir='ltr'>profecturos,</span> <span class='ocrx_word' id='word_1_229' title='bbox 1383 3260 1468 3314; x_wconf 89' lang='lat' dir='ltr'>opor·</span> 
     </span>
     <span class='ocr_line' id='line_1_27' title="bbox 416 3328 1466 3399; baseline 0.001 -19"><span class='ocrx_word' id='word_1_230' title='bbox 416 3332 500 3382; x_wconf 87' lang='lat' dir='ltr'>teret.</span> <span class='ocrx_word' id='word_1_231' title='bbox 538 3328 685 3392; x_wconf 80' lang='lat' dir='ltr'>licentra,</span> <span class='ocrx_word' id='word_1_232' title='bbox 706 3329 756 3383; x_wconf 92' lang='lat' dir='ltr'>ills</span> <span class='ocrx_word' id='word_1_233' title='bbox 774 3330 911 3385; x_wconf 87' lang='lat' dir='ltr'>insistere</span> <span class='ocrx_word' id='word_1_234' title='bbox 926 3331 1023 3399; x_wconf 88' lang='lat' dir='ltr'>magis</span> <span class='ocrx_word' id='word_1_235' title='bbox 1036 3328 1147 3382; x_wconf 83' lang='lat' dir='ltr'>fervide</span> <span class='ocrx_word' id='word_1_236' title='bbox 1165 3329 1254 3398; x_wconf 85' lang='lat' dir='ltr'>eoepit</span> <span class='ocrx_word' id='word_1_237' title='bbox 1266 3328 1296 3381; x_wconf 91' lang='lat' dir='ltr'>in</span> <span class='ocrx_word' id='word_1_238' title='bbox 1307 3330 1466 3399; x_wconf 87' lang='lat' dir='ltr'>proposito,</span> 
     </span>
     <span class='ocr_line' id='line_1_28' title="bbox 416 3409 1467 3484; baseline 0.003 -21"><span class='ocrx_word' id='word_1_239' title='bbox 416 3409 515 3464; x_wconf 89' lang='lat' dir='ltr'>dicens</span> <span class='ocrx_word' id='word_1_240' title='bbox 542 3411 624 3467; x_wconf 91' lang='lat' dir='ltr'>illam</span> <span class='ocrx_word' id='word_1_241' title='bbox 650 3411 731 3466; x_wconf 69' lang='lat' dir='ltr'>‘falli</span> <span class='ocrx_word' id='word_1_242' title='bbox 749 3413 780 3466; x_wconf 92' lang='lat' dir='ltr'>in</span> <span class='ocrx_word' id='word_1_243' title='bbox 799 3414 861 3468; x_wconf 90' lang='lat' dir='ltr'>suis</span> <span class='ocrx_word' id='word_1_244' title='bbox 888 3413 1111 3484; x_wconf 87' lang='lat' dir='ltr'>suspicionibus,</span> <span class='ocrx_word' id='word_1_245' title='bbox 1138 3417 1168 3466; x_wconf 90' lang='lat' dir='ltr'>et</span> <span class='ocrx_word' id='word_1_246' title='bbox 1193 3429 1250 3465; x_wconf 91' lang='lat' dir='ltr'>non</span> <span class='ocrx_word' id='word_1_247' title='bbox 1275 3429 1339 3466; x_wconf 90' lang='lat' dir='ltr'>esse</span> <span class='ocrx_word' id='word_1_248' title='bbox 1364 3413 1467 3466; x_wconf 88' lang='lat' dir='ltr'>verisi-</span> 
     </span>
     <span class='ocr_line' id='line_1_29' title="bbox 416 3493 1468 3568; baseline 0.003 -22"><span class='ocrx_word' id='word_1_249' title='bbox 416 3493 485 3548; x_wconf 88' lang='lat' dir='ltr'>mile</span> <span class='ocrx_word' id='word_1_250' title='bbox 525 3496 603 3566; x_wconf 89' lang='lat' dir='ltr'>qnod</span> <span class='ocrx_word' id='word_1_251' title='bbox 635 3504 732 3551; x_wconf 86' lang='lat' dir='ltr'>mente</span> <span class='ocrx_word' id='word_1_252' title='bbox 774 3498 947 3567; x_wconf 86' lang='lat' dir='ltr'>imaginarie</span> <span class='ocrx_word' id='word_1_253' title='bbox 977 3501 1177 3568; x_wconf 87' lang='lat' dir='ltr'>pertractaret.</span> <span class='ocrx_word' id='word_1_254' title='bbox 1228 3496 1285 3551; x_wconf 88' lang='lat' dir='ltr'>Oui</span> <span class='ocrx_word' id='word_1_255' title='bbox 1317 3496 1377 3559; x_wconf 91' lang='lat' dir='ltr'>illa,</span> <span class='ocrx_word' id='word_1_256' title='bbox 1407 3496 1468 3552; x_wconf 85' lang='lat' dir='ltr'>solo</span> 
     </span>
     <span class='ocr_line' id='line_1_30' title="bbox 415 3579 1466 3651; baseline 0.002 -19"><span class='ocrx_word' id='word_1_257' title='bbox 415 3583 627 3648; x_wconf 86' lang='lat' dir='ltr'>prostrata,—“</span> <span class='ocrx_word' id='word_1_258' title='bbox 640 3580 737 3643; x_wconf 86' lang='lat' dir='ltr'>Scie,’&#39;</span> <span class='ocrx_word' id='word_1_259' title='bbox 756 3581 860 3651; x_wconf 90' lang='lat' dir='ltr'>inquit,</span> <span class='ocrx_word' id='word_1_260' title='bbox 876 3584 895 3607; x_wconf 89' lang='grc'>“</span> <span class='ocrx_word' id='word_1_261' title='bbox 908 3580 1042 3643; x_wconf 88' lang='lat' dir='ltr'>Domine,</span> <span class='ocrx_word' id='word_1_262' title='bbox 1056 3581 1135 3635; x_wconf 86' lang='lat' dir='ltr'>viros</span> <span class='ocrx_word' id='word_1_263' title='bbox 1147 3585 1213 3634; x_wconf 91' lang='lat' dir='ltr'>tuos</span> <span class='ocrx_word' id='word_1_264' title='bbox 1231 3579 1380 3634; x_wconf 80' lang='lat' dir='ltr'>⁷effraen0s</span> <span class='ocrx_word' id='word_1_265' title='bbox 1393 3598 1466 3644; x_wconf 90' lang='lat' dir='ltr'>esse,</span> 
     </span>
    </p>

    <p class='ocr_par' dir='ltr' id='par_1_8' title="bbox 417 3662 1467 3904">
     <span class='ocr_line' id='line_1_31' title="bbox 417 3662 1467 3734; baseline 0.001 -18"><span class='ocrx_word' id='word_1_266' title='bbox 417 3666 436 3687; x_wconf 80' lang='lat'>‘⁴</span> <span class='ocrx_word' id='word_1_267' title='bbox 455 3662 572 3733; x_wconf 78' lang='lat' dir='ltr'>⁸ntpote</span> <span class='ocrx_word' id='word_1_268' title='bbox 601 3664 652 3734; x_wconf 87' lang='lat' dir='ltr'>qui</span> <span class='ocrx_word' id='word_1_269' title='bbox 680 3664 774 3718; x_wconf 87' lang='lat' dir='ltr'>Deum</span> <span class='ocrx_word' id='word_1_270' title='bbox 802 3665 924 3719; x_wconf 76' lang='lat' dir='ltr'>forsitan</span> <span class='ocrx_word' id='word_1_271' title='bbox 951 3683 1008 3719; x_wconf 91' lang='lat' dir='ltr'>non</span> <span class='ocrx_word' id='word_1_272' title='bbox 1034 3669 1181 3727; x_wconf 87' lang='lat' dir='ltr'>verentur,</span> <span class='ocrx_word' id='word_1_273' title='bbox 1209 3669 1239 3718; x_wconf 93' lang='lat' dir='ltr'>et</span> <span class='ocrx_word' id='word_1_274' title='bbox 1265 3665 1382 3719; x_wconf 91' lang='lat' dir='ltr'>omnino</span> <span class='ocrx_word' id='word_1_275' title='bbox 1410 3682 1467 3719; x_wconf 92' lang='lat' dir='ltr'>nen</span> 
     </span>
     <span class='ocr_line' id='line_1_32' title="bbox 417 3747 1465 3819; baseline 0.005 -20"><span class='ocrx_word' id='word_1_276' title='bbox 417 3748 436 3772; x_wconf 91' lang='lat'>“</span> <span class='ocrx_word' id='word_1_277' title='bbox 455 3747 591 3818; x_wconf 85' lang='lat' dir='ltr'>expedire</span> <span class='ocrx_word' id='word_1_278' title='bbox 607 3749 717 3812; x_wconf 74' lang='lat' dir='ltr'>&#39;nobis</span> <span class='ocrx_word' id='word_1_279' title='bbox 737 3766 789 3803; x_wconf 89' lang='lat' dir='ltr'>nec</span> <span class='ocrx_word' id='word_1_280' title='bbox 816 3748 880 3813; x_wconf 89' lang='lat' dir='ltr'>tibi,</span> <span class='ocrx_word' id='word_1_281' title='bbox 901 3748 921 3780; x_wconf 82' lang='lat'>¹⁰</span> <span class='ocrx_word' id='word_1_282' title='bbox 929 3754 964 3803; x_wconf 90' lang='lat' dir='ltr'>nt</span> <span class='ocrx_word' id='word_1_283' title='bbox 981 3747 1183 3819; x_wconf 88' lang='lat' dir='ltr'>ingrediantur</span> <span class='ocrx_word' id='word_1_284' title='bbox 1206 3747 1334 3802; x_wconf 89' lang='lat' dir='ltr'>claustra</span> <span class='ocrx_word' id='word_1_285' title='bbox 1356 3754 1465 3812; x_wconf 87' lang='lat' dir='ltr'>nostra,</span> 
     </span>
     <span class='ocr_line' id='line_1_33' title="bbox 417 3829 1464 3904; baseline 0.002 -19"><span class='ocrx_word' id='word_1_286' title='bbox 417 3831 437 3856; x_wconf 88' lang='lat'><em>“</em></span> <span class='ocrx_word' id='word_1_287' title='bbox 456 3829 648 3903; x_wconf 83' lang='lat' dir='ltr'>Quapropter,</span> <span class='ocrx_word' id='word_1_288' title='bbox 681 3831 737 3887; x_wconf 85' lang='lat' dir='ltr'>&#39;&#39;et</span> <span class='ocrx_word' id='word_1_289' title='bbox 758 3832 870 3904; x_wconf 88' lang='lat' dir='ltr'>junctis</span> <span class='ocrx_word' id='word_1_290' title='bbox 888 3833 1032 3896; x_wconf 89' lang='lat' dir='ltr'>manibus,</span> <span class='ocrx_word' id='word_1_291' title='bbox 1055 3838 1136 3887; x_wconf 88' lang='lat' dir='ltr'>tuam</span> <span class='ocrx_word' id='word_1_292' title='bbox 1155 3833 1379 3902; x_wconf 87' lang='lat' dir='ltr'>generositatem</span> <span class='ocrx_word' id='word_1_293' title='bbox 1405 3851 1464 3897; x_wconf 92' lang='lat' dir='ltr'>oro,</span> 
     </span>
    </p>
   </div>
   <div class='ocr_carea' id='block_1_7' title="bbox 411 4080 1470 5180">
    <p class='ocr_par' dir='ltr' id='par_1_9' title="bbox 411 4080 1470 5180">
     <span class='ocr_line' id='line_1_34' title="bbox 450 4080 1467 4147; baseline 0 -17"><span class='ocrx_word' id='word_1_294' title='bbox 450 4082 456 4111; x_wconf 92' lang='lat'>¹</span> <span class='ocrx_word' id='word_1_295' title='bbox 469 4083 551 4131; x_wconf 64' lang='lat' dir='ltr'>neto</span> <span class='ocrx_word' id='word_1_296' title='bbox 561 4081 589 4130; x_wconf 90' lang='lat' dir='ltr'>in</span> <span class='ocrx_word' id='word_1_297' title='bbox 596 4081 640 4132; x_wconf 86' lang='lat' dir='ltr'>the</span> <span class='ocrx_word' id='word_1_298' title='bbox 647 4081 747 4147; x_wconf 87' lang='lat' dir='ltr'>printed</span> <span class='ocrx_word' id='word_1_299' title='bbox 758 4088 832 4132; x_wconf 81' lang='lat' dir='ltr'>texts.</span> <span class='ocrx_word' id='word_1_300' title='bbox 994 4080 1077 4146; x_wconf 68' lang='lat' dir='ltr'>‘sales‘</span> <span class='ocrx_word' id='word_1_301' title='bbox 1091 4081 1118 4130; x_wconf 87' lang='lat' dir='ltr'>ln</span> <span class='ocrx_word' id='word_1_302' title='bbox 1135 4081 1207 4145; x_wconf 74' lang='lat' dir='ltr'>orig,</span> <span class='ocrx_word' id='word_1_303' title='bbox 1218 4083 1253 4145; x_wconf 82' lang='lat' dir='ltr'>by</span> <span class='ocrx_word' id='word_1_304' title='bbox 1270 4081 1467 4142; x_wconf 78' lang='lat' dir='ltr'>inadvertenoe3</span> 
     </span>
     <span class='ocr_line' id='line_1_35' title="bbox 448 4160 1420 4227; baseline -0.002 -16"><span class='ocrx_word' id='word_1_305' title='bbox 448 4160 592 4225; x_wconf 79' lang='lat' dir='ltr'>²Sapplled</span> <span class='ocrx_word' id='word_1_306' title='bbox 617 4161 682 4211; x_wconf 74' lang='lat' dir='ltr'>stem</span> <span class='ocrx_word' id='word_1_307' title='bbox 705 4161 773 4212; x_wconf 90' lang='lat' dir='ltr'>Bibl.</span> <span class='ocrx_word' id='word_1_308' title='bbox 796 4162 858 4227; x_wconf 81' lang='lat' dir='ltr'>Reg.</span> <span class='ocrx_word' id='word_1_309' title='bbox 885 4167 914 4212; x_wconf 90' lang='grc'>13</span> <span class='ocrx_word' id='word_1_310' title='bbox 964 4163 1092 4211; x_wconf 78' lang='lat' dir='ltr'>corrected</span> <span class='ocrx_word' id='word_1_311' title='bbox 1102 4161 1168 4211; x_wconf 82' lang='lat' dir='ltr'>from</span> <span class='ocrx_word' id='word_1_312' title='bbox 1179 4160 1222 4211; x_wconf 89' lang='lat' dir='ltr'>the</span> <span class='ocrx_word' id='word_1_313' title='bbox 1234 4162 1334 4225; x_wconf 85' lang='lat' dir='ltr'>printed</span> <span class='ocrx_word' id='word_1_314' title='bbox 1346 4167 1420 4210; x_wconf 83' lang='lat' dir='ltr'>texts.</span> 
     </span>
     <span class='ocr_line' id='line_1_36' title="bbox 417 4239 1409 4307; baseline 0.001 -18"><span class='ocrx_word' id='word_1_315' title='bbox 417 4239 446 4290; x_wconf 83' lang='grc' dir='ltr'>Ε.</span> <span class='ocrx_word' id='word_1_316' title='bbox 459 4240 495 4290; x_wconf 65' lang='lat' dir='ltr'>in</span> <span class='ocrx_word' id='word_1_317' title='bbox 508 4242 558 4290; x_wconf 82' lang='lat' dir='ltr'>snd</span> <span class='ocrx_word' id='word_1_318' title='bbox 568 4241 611 4290; x_wconf 84' lang='lat' dir='ltr'>the</span> <span class='ocrx_word' id='word_1_319' title='bbox 622 4241 722 4305; x_wconf 82' lang='lat' dir='ltr'>printed</span> <span class='ocrx_word' id='word_1_320' title='bbox 733 4248 807 4291; x_wconf 77' lang='lat' dir='ltr'>texts</span> <span class='ocrx_word' id='word_1_321' title='bbox 998 4244 1006 4269; x_wconf 81' lang='lat'>⁷</span> <span class='ocrx_word' id='word_1_322' title='bbox 1018 4241 1121 4307; x_wconf 77' lang='lat' dir='ltr'>effrenes</span> <span class='ocrx_word' id='word_1_323' title='bbox 1131 4241 1158 4290; x_wconf 90' lang='lat' dir='ltr'>in</span> <span class='ocrx_word' id='word_1_324' title='bbox 1171 4241 1213 4291; x_wconf 87' lang='lat' dir='ltr'>the</span> <span class='ocrx_word' id='word_1_325' title='bbox 1224 4241 1324 4304; x_wconf 83' lang='lat' dir='ltr'>printed</span> <span class='ocrx_word' id='word_1_326' title='bbox 1336 4248 1409 4290; x_wconf 82' lang='lat' dir='ltr'>texts.</span> 
     </span>
     <span class='ocr_line' id='line_1_37' title="bbox 448 4320 1463 4386; baseline -0.003 -16"><span class='ocrx_word' id='word_1_327' title='bbox 448 4323 457 4349; x_wconf 89' lang='lat'><strong>¹</strong></span> <span class='ocrx_word' id='word_1_328' title='bbox 469 4321 581 4371; x_wconf 86' lang='lat' dir='ltr'>Omitted</span> <span class='ocrx_word' id='word_1_329' title='bbox 588 4321 615 4370; x_wconf 94' lang='lat' dir='ltr'>in</span> <span class='ocrx_word' id='word_1_330' title='bbox 622 4321 686 4386; x_wconf 87' lang='lat' dir='ltr'>erig.</span> <span class='ocrx_word' id='word_1_331' title='bbox 700 4343 707 4380; x_wconf 86' lang='lat'><strong>;</strong></span> <span class='ocrx_word' id='word_1_332' title='bbox 725 4321 838 4385; x_wconf 85' lang='lat' dir='ltr'>supplied</span> <span class='ocrx_word' id='word_1_333' title='bbox 850 4321 915 4370; x_wconf 74' lang='lat' dir='ltr'>stom</span> <span class='ocrx_word' id='word_1_334' title='bbox 997 4323 1007 4349; x_wconf 77' lang='lat'>⁸</span> <span class='ocrx_word' id='word_1_335' title='bbox 1020 4321 1180 4385; x_wconf 84' lang='lat' dir='ltr'>Apparently</span> <span class='ocrx_word' id='word_1_336' title='bbox 1215 4328 1298 4384; x_wconf 81' lang='lat' dir='ltr'>nepote</span> <span class='ocrx_word' id='word_1_337' title='bbox 1328 4320 1355 4368; x_wconf 94' lang='lat' dir='ltr'>in</span> <span class='ocrx_word' id='word_1_338' title='bbox 1389 4320 1463 4385; x_wconf 84' lang='lat' dir='ltr'>orig.;</span> 
     </span>
     <span class='ocr_line' id='line_1_38' title="bbox 416 4399 1464 4466; baseline -0.003 -16"><span class='ocrx_word' id='word_1_339' title='bbox 416 4401 459 4450; x_wconf 87' lang='lat' dir='ltr'>the</span> <span class='ocrx_word' id='word_1_340' title='bbox 467 4401 568 4466; x_wconf 85' lang='lat' dir='ltr'>printed</span> <span class='ocrx_word' id='word_1_341' title='bbox 578 4411 652 4451; x_wconf 83' lang='lat' dir='ltr'>texts.</span> <span class='ocrx_word' id='word_1_342' title='bbox 686 4402 742 4451; x_wconf 89' lang='lat' dir='ltr'>The</span> <span class='ocrx_word' id='word_1_343' title='bbox 753 4417 823 4451; x_wconf 87' lang='lat' dir='ltr'>error</span> <span class='ocrx_word' id='word_1_344' title='bbox 839 4402 916 4451; x_wconf 84' lang='lat' dir='ltr'>arises</span> <span class='ocrx_word' id='word_1_345' title='bbox 964 4402 1091 4451; x_wconf 86' lang='lat' dir='ltr'>corrected</span> <span class='ocrx_word' id='word_1_346' title='bbox 1103 4401 1167 4449; x_wconf 84' lang='lat' dir='ltr'>from</span> <span class='ocrx_word' id='word_1_347' title='bbox 1184 4399 1464 4462; x_wconf 82' lang='lat' dir='ltr'>Bibl.Reg.13E.ix.</span> 
     </span>
     <span class='ocr_line' id='line_1_39' title="bbox 414 4479 1466 4545; baseline -0.002 -16"><span class='ocrx_word' id='word_1_348' title='bbox 414 4481 537 4544; x_wconf 84' lang='lat' dir='ltr'>probably</span> <span class='ocrx_word' id='word_1_349' title='bbox 544 4481 811 4531; x_wconf 81' lang='lat' dir='ltr'>fromthetranscriber</span> <span class='ocrx_word' id='word_1_350' title='bbox 818 4482 917 4545; x_wconf 86' lang='lat' dir='ltr'>finding</span> <span class='ocrx_word' id='word_1_351' title='bbox 965 4481 1021 4530; x_wconf 88' lang='lat' dir='ltr'>The</span> <span class='ocrx_word' id='word_1_352' title='bbox 1027 4481 1140 4544; x_wconf 82' lang='lat' dir='ltr'>reading,</span> <span class='ocrx_word' id='word_1_353' title='bbox 1149 4479 1246 4528; x_wconf 84' lang='lat' dir='ltr'>instead</span> <span class='ocrx_word' id='word_1_354' title='bbox 1254 4480 1284 4528; x_wconf 82' lang='lat' dir='ltr'>of</span> <span class='ocrx_word' id='word_1_355' title='bbox 1292 4479 1428 4539; x_wconf 73' lang='lat' dir='ltr'>thisword</span> <span class='ocrx_word' id='word_1_356' title='bbox 1439 4480 1466 4527; x_wconf 93' lang='lat' dir='ltr'>in</span> 
     </span>
     <span class='ocr_line' id='line_1_40' title="bbox 414 4556 1383 4624; baseline -0.004 -13"><span class='ocrx_word' id='word_1_357' title='bbox 414 4563 470 4611; x_wconf 70' lang='lat' dir='ltr'>noti</span> <span class='ocrx_word' id='word_1_358' title='bbox 481 4561 600 4622; x_wconf 64' lang='lat' dir='ltr'>arpinas</span> <span class='ocrx_word' id='word_1_359' title='bbox 611 4560 713 4610; x_wconf 91' lang='lat' dir='ltr'>lnBlbl.</span> <span class='ocrx_word' id='word_1_360' title='bbox 722 4560 785 4624; x_wconf 85' lang='lat' dir='ltr'>Reg.</span> <span class='ocrx_word' id='word_1_361' title='bbox 797 4565 827 4608; x_wconf 86' lang='grc'>13</span> <span class='ocrx_word' id='word_1_362' title='bbox 836 4560 916 4621; x_wconf 63' lang='lat' dir='ltr'>lais,</span> <span class='ocrx_word' id='word_1_363' title='bbox 965 4559 1007 4608; x_wconf 90' lang='lat' dir='ltr'>the</span> <span class='ocrx_word' id='word_1_364' title='bbox 1019 4559 1118 4623; x_wconf 89' lang='lat' dir='ltr'>printed</span> <span class='ocrx_word' id='word_1_365' title='bbox 1130 4565 1206 4620; x_wconf 85' lang='lat' dir='ltr'>texts,</span> <span class='ocrx_word' id='word_1_366' title='bbox 1218 4557 1240 4606; x_wconf 88' lang='lat' dir='ltr'>is</span> <span class='ocrx_word' id='word_1_367' title='bbox 1253 4556 1383 4607; x_wconf 84' lang='lat' dir='ltr'>indomitos.</span> 
     </span>
     <span class='ocr_line' id='line_1_41' title="bbox 413 4635 1466 4703; baseline -0.005 -12"><span class='ocrx_word' id='word_1_368' title='bbox 413 4642 465 4691; x_wconf 73' lang='lat' dir='ltr'>aad</span> <span class='ocrx_word' id='word_1_369' title='bbox 481 4640 620 4703; x_wconf 72' lang='lat' dir='ltr'>misnking</span> <span class='ocrx_word' id='word_1_370' title='bbox 635 4639 679 4689; x_wconf 91' lang='lat' dir='ltr'>the</span> <span class='ocrx_word' id='word_1_371' title='bbox 695 4638 815 4702; x_wconf 81' lang='lat' dir='ltr'>meaning</span> <span class='ocrx_word' id='word_1_372' title='bbox 831 4640 861 4687; x_wconf 82' lang='lat' dir='ltr'>of</span> <span class='ocrx_word' id='word_1_373' title='bbox 873 4639 916 4688; x_wconf 90' lang='lat' dir='ltr'>the</span> <span class='ocrx_word' id='word_1_374' title='bbox 997 4636 1082 4685; x_wconf 77' lang='lat' dir='ltr'>’vebis</span> <span class='ocrx_word' id='word_1_375' title='bbox 1098 4635 1124 4684; x_wconf 90' lang='lat' dir='ltr'>iu</span> <span class='ocrx_word' id='word_1_376' title='bbox 1152 4635 1214 4698; x_wconf 88' lang='lat' dir='ltr'>orig.</span> <span class='ocrx_word' id='word_1_377' title='bbox 1235 4638 1285 4684; x_wconf 89' lang='lat' dir='ltr'>and</span> <span class='ocrx_word' id='word_1_378' title='bbox 1301 4635 1344 4686; x_wconf 91' lang='lat' dir='ltr'>the</span> <span class='ocrx_word' id='word_1_379' title='bbox 1365 4636 1466 4700; x_wconf 84' lang='lat' dir='ltr'>printed</span> 
     </span>
     <span class='ocr_line' id='line_1_42' title="bbox 413 4713 1466 4780; baseline -0.004 -10"><span class='ocrx_word' id='word_1_380' title='bbox 413 4722 468 4771; x_wconf 80' lang='lat' dir='ltr'>first</span> <span class='ocrx_word' id='word_1_381' title='bbox 479 4722 555 4771; x_wconf 81' lang='lat' dir='ltr'>word</span> <span class='ocrx_word' id='word_1_382' title='bbox 963 4722 1038 4766; x_wconf 85' lang='lat' dir='ltr'>texts.</span> <span class='ocrx_word' id='word_1_383' title='bbox 1084 4714 1217 4765; x_wconf 87' lang='lat' dir='ltr'>Corrected</span> <span class='ocrx_word' id='word_1_384' title='bbox 1236 4713 1301 4763; x_wconf 79' lang='lat' dir='ltr'>from</span> <span class='ocrx_word' id='word_1_385' title='bbox 1316 4714 1382 4766; x_wconf 90' lang='lat' dir='ltr'>Bibl.</span> <span class='ocrx_word' id='word_1_386' title='bbox 1402 4716 1466 4780; x_wconf 88' lang='lat' dir='ltr'>Reg.</span> 
     </span>
     <span class='ocr_line' id='line_1_43' title="bbox 445 4795 1083 4864; baseline -0.008 -14"><span class='ocrx_word' id='word_1_387' title='bbox 445 4800 588 4864; x_wconf 81' lang='lat' dir='ltr'>⁴Supplled</span> <span class='ocrx_word' id='word_1_388' title='bbox 598 4799 664 4849; x_wconf 72' lang='lat' dir='ltr'>stom</span> <span class='ocrx_word' id='word_1_389' title='bbox 678 4797 744 4847; x_wconf 89' lang='lat' dir='ltr'>Bibl.</span> <span class='ocrx_word' id='word_1_390' title='bbox 761 4798 824 4861; x_wconf 84' lang='lat' dir='ltr'>Reg.</span> <span class='ocrx_word' id='word_1_391' title='bbox 838 4802 868 4846; x_wconf 90' lang='grc'>13</span> <span class='ocrx_word' id='word_1_392' title='bbox 883 4797 913 4847; x_wconf 79' lang='grc' dir='ltr'>Ε.</span> <span class='ocrx_word' id='word_1_393' title='bbox 966 4801 995 4845; x_wconf 89' lang='grc'>13</span> <span class='ocrx_word' id='word_1_394' title='bbox 1006 4796 1037 4845; x_wconf 80' lang='grc' dir='ltr'>Ε.</span> <span class='ocrx_word' id='word_1_395' title='bbox 1047 4795 1083 4845; x_wconf 83' lang='lat' dir='ltr'>ix.</span> 
     </span>
     <span class='ocr_line' id='line_1_44' title="bbox 411 4872 1456 4941; baseline -0.008 -9"><span class='ocrx_word' id='word_1_396' title='bbox 411 4880 447 4932; x_wconf 82' lang='lat' dir='ltr'>ix.</span> <span class='ocrx_word' id='word_1_397' title='bbox 459 4900 466 4940; x_wconf 75' lang='lat'>3</span> <span class='ocrx_word' id='word_1_398' title='bbox 480 4879 585 4930; x_wconf 63' lang='lat' dir='ltr'>emiued</span> <span class='ocrx_word' id='word_1_399' title='bbox 596 4879 624 4927; x_wconf 89' lang='lat' dir='ltr'>in</span> <span class='ocrx_word' id='word_1_400' title='bbox 635 4878 679 4928; x_wconf 88' lang='lat' dir='ltr'>the</span> <span class='ocrx_word' id='word_1_401' title='bbox 686 4878 787 4941; x_wconf 85' lang='lat' dir='ltr'>prlnted</span> <span class='ocrx_word' id='word_1_402' title='bbox 797 4884 872 4926; x_wconf 76' lang='lat' dir='ltr'>texts.</span> <span class='ocrx_word' id='word_1_403' title='bbox 996 4875 1015 4904; x_wconf 83' lang='lat'>¹⁰</span> <span class='ocrx_word' id='word_1_404' title='bbox 1026 4881 1053 4922; x_wconf 82' lang='lat' dir='ltr'>nt</span> <span class='ocrx_word' id='word_1_405' title='bbox 1064 4873 1168 4923; x_wconf 88' lang='lat' dir='ltr'>omitted</span> <span class='ocrx_word' id='word_1_406' title='bbox 1179 4872 1205 4921; x_wconf 91' lang='lat' dir='ltr'>in</span> <span class='ocrx_word' id='word_1_407' title='bbox 1218 4873 1260 4922; x_wconf 90' lang='lat' dir='ltr'>the</span> <span class='ocrx_word' id='word_1_408' title='bbox 1272 4872 1371 4936; x_wconf 89' lang='lat' dir='ltr'>printed</span> <span class='ocrx_word' id='word_1_409' title='bbox 1382 4880 1456 4924; x_wconf 88' lang='lat' dir='ltr'>texts.</span> 
     </span>
     <span class='ocr_line' id='line_1_45' title="bbox 446 4953 1470 5023; baseline -0.009 -13"><span class='ocrx_word' id='word_1_410' title='bbox 446 4959 527 5010; x_wconf 76' lang='lat' dir='ltr'>‘This</span> <span class='ocrx_word' id='word_1_411' title='bbox 544 4973 648 5023; x_wconf 75' lang='lat' dir='ltr'>passage</span> <span class='ocrx_word' id='word_1_412' title='bbox 664 4972 744 5009; x_wconf 81' lang='lat' dir='ltr'>seems</span> <span class='ocrx_word' id='word_1_413' title='bbox 757 4957 821 5006; x_wconf 84' lang='lat' dir='ltr'>tobe</span> <span class='ocrx_word' id='word_1_414' title='bbox 832 4955 913 5006; x_wconf 71' lang='lat' dir='ltr'>desso·</span> <span class='ocrx_word' id='word_1_415' title='bbox 996 4955 1012 4984; x_wconf 90' lang='lat'>¹¹</span> <span class='ocrx_word' id='word_1_416' title='bbox 1024 4956 1158 5021; x_wconf 80' lang='lat' dir='ltr'>conjunctis</span> <span class='ocrx_word' id='word_1_417' title='bbox 1165 4953 1361 5005; x_wconf 69' lang='lat' dir='ltr'>marsitasinths</span> <span class='ocrx_word' id='word_1_418' title='bbox 1370 4954 1470 5019; x_wconf 84' lang='lat' dir='ltr'>printed</span> 
     </span>
     <span class='ocr_line' id='line_1_46' title="bbox 414 5039 1037 5090; baseline -0.008 -1"><span class='ocrx_word' id='word_1_419' title='bbox 414 5039 474 5090; x_wconf 84' lang='lat' dir='ltr'>tive.</span> <span class='ocrx_word' id='word_1_420' title='bbox 962 5042 1037 5085; x_wconf 80' lang='lat' dir='ltr'>texts.</span> 
     </span>
     <span class='ocr_line' id='line_1_47' title="bbox 1219 5119 1335 5180; baseline -0.009 0"><span class='ocrx_word' id='word_1_421' title='bbox 1219 5133 1243 5180; x_wconf 87' lang='lat' dir='ltr'>n</span> <span class='ocrx_word' id='word_1_422' title='bbox 1266 5132 1290 5179; x_wconf 87' lang='lat' dir='ltr'>n</span> <span class='ocrx_word' id='word_1_423' title='bbox 1314 5119 1335 5179; x_wconf 78' lang='lat'><strong>2</strong></span> 
     </span>
    </p>
   </div>
   <div class='ocr_carea' id='block_1_8' title="bbox 0 0 1880 6250">
    <p class='ocr_par' dir='ltr' id='par_1_10' title="bbox 0 0 1880 6250">
     <span class='ocr_line' id='line_1_48' title="bbox 0 0 1880 6250; baseline 0 1"><span class='ocrx_word' id='word_1_424' title='bbox 0 0 1880 6250; x_wconf 95' lang='lat' dir='ltr'> </span> 
     </span>
    </p>
   </div>
  </div>
 </body>
</html>
