3750 6250
491 1067 534 1132 34
822 1076 953 1128 meuse
976 1072 1211 1125 wmsiuomu

325 1267 391 1319 AJ).
406 1271 478 1318 1291.
526 1267 583 1322 Per
600 1266 655 1324 heo
672 1272 797 1339 tempus,
817 1265 955 1330 Kerolue,
983 1266 1074 1322 freter
1091 1263 1183 1334 Regis
1202 1263 1341 1328 Frenoiae,
1366 1259 1625 1319 rcnunoicnsliieiu

486 1352 549 1425 juri
574 1370 627 1407 suo
654 1353 684 1407 in
710 1369 835 1423 regnum
861 1349 1043 1421 rii-regenne,
1069 1366 1189 1404 uxorem
1209 1347 1293 1405 duxit
1316 1348 1406 1404 filiam
1424 1347 1538 1413 Keroli,
1552 1326 1625 1382 m]

490 1435 582 1506 Regis
601 1436 719 1502 Sicilire,
746 1436 797 1507 qni
814 1453 882 1490 eum
907 1453 943 1490 oe
958 1433 1099 1506 predicto
1118 1432 1335 1490 renunciatione
1358 1431 1540 1504 Andcgevioe
1551 1406 1622 1523 ἐξ

490 1526 521 1576 et
539 1519 740 1575 Oenomermim
758 1519 881 1575 contulit
898 1519 1070 1574 Comitatus.

325 1604 420 1656 Pariis·
527 1603 636 1659 Eodem
655 1622 737 1669 enno,
756 1610 823 1675 post
835 1602 949 1658 Peecbo
960 1602 1023 1657 Rex
1034 1600 1160 1671 Angue,
1176 1600 1281 1656 Scotioe
1294 1587 1538 1673 appropinquem,
1608 1611 1618 1640 ⁸

325 1680 394 1721 ment
404 1680 431 1724 ‘i
492 1688 718 1744 Perliementum
737 1688 832 1744 tenuit
849 1686 927 1759 epod
940 1684 1120 1751 ²Northem3
1143 1684 1193 1739 ubi
1206 1684 1346 1740 consultis
1364 1684 1495 1755 praelstis
1506 1701 1540 1740 oc

325 1738 454 1791 ΝΟΜ·
491 1774 645 1843 utriusque
659 1774 737 1844 juris
756 1772 867 1844 peritis,
893 1771 1093 1840 revelatisque
1113 1769 1243 1841 priorum
1266 1775 1431 1840 temporum
1454 1786 1540 1826 enne·

490 1858 578 1922 libus,
597 1858 695 1912 vocori
714 1857 784 1912 fecit
800 1855 936 1928 proeletos
954 1872 988 1909 eo
1006 1854 1131 1925 majores
1148 1852 1233 1923 regni
1256 1852 1370 1918 Scotiae,
1395 1859 1426 1910 et
1442 1870 1540 1908 eorem

491 1941 582 1998 eisin
602 1940 726 1996 ecclesio
743 1939 902 2012 parochiali
920 1939 957 1993 de
981 1936 1163 1993 ²N0rthbem
1178 1938 1333 2008 jussuum
1352 1938 1384 1991 in
1405 1939 1540 2010 superios

491 2025 650 2081 dominium
669 2026 754 2096 regni
774 2023 879 2080 Scotioe
898 2022 1023 2077 fideliter
1040 2021 1218 2087 declaravit,
1245 2021 1407 2093 petivitque
1424 2029 1461 2078 ut
1479 2023 1541 2077 haeo

491 2116 739 2181 recognoscerent,
762 2106 948 2179 protestando
968 2124 999 2161 ee
1014 2106 1065 2176 jue
1083 2122 1196 2162 coronee
1212 2124 1282 2171 euae,
1302 2122 1396 2177 usque
1414 2105 1453 2163 ed
1470 2105 1540 2164 eiiii·

492 2193 603 2249 sienem
621 2192 771 2262 sanguinis
790 2190 986 2245 defensurum.
1156 2262 1157 2265 Ἴ

326 2275 481 2343 Ruqoiryee
528 2277 573 2333 Ob
592 2296 678 2349 qnnm
697 2295 824 2341 censam,
844 2276 907 2330 Rex
924 2276 981 2330 iste
1005 2265 1079 2328 enno
1099 2276 1197 2330 omnis
1220 2275 1396 2330 monasterie
1412 2274 1539 2347 Anglioe,

325 2344 481 2460 ‘Pbgd'ffl'i
495 2362 610 2425 Seotire,
631 2368 662 2417 et
678 2361 803 2425 Wollioe,
822 2360 1000 2431 perscrutari
1022 2359 1139 2424 feceret,
1165 2358 1202 2415 ed
1222 2358 1430 2414 dinoscendum
1456 2360 1541 2432 quale

324 2418 541 2541 ἕήὲῑιῗοᾟῇιιε
558 2453 658 2517 posset
681 2444 737 2500 sibi
764 2450 926 2514 competere
945 2444 976 2497 in
1001 2443 1055 2498 hec
1074 2451 1165 2514 porte.
1212 2443 1252 2498 Et
1280 2450 1430 2515 repertum
1447 2445 1540 2500 estin

325 2543 435 2595 0fs002.
494 2531 646 2588 Chronicie
664 2530 790 2584 Mariani
809 2528 898 2592 Secti,
918 2527 1060 2583 Willelmi
1081 2528 1118 2583 de
1138 2527 1356 2591 Molmesburio‚
1376 2528 1487 2599 Rogeri
1504 2529 1542 2587 de

325 2610 392 2663 leod.
494 2614 629 2677 Houden,
655 2613 778 2666 Henrici
799 2611 835 2666 de
856 2611 1067 2681 Huntyngdon,
1096 2610 1243 2681 Redulphi
1262 2611 1298 2666 de
1323 2611 1444 2677 Luzeto,
1464 2612 1542 2684 quod

493 2715 567 2753 onne
582 2697 700 2751 Domini
723 2696 942 2764 nongentesimo
958 2694 1070 2750 decimo
1091 2695 1154 2748 Rex
1173 2693 1334 2751 Edwerdue
1354 2695 1458 2752 Senior
1476 2697 1542 2753 sub-

493 2782 557 2852 egit
577 2780 634 2835 eibi
652 2797 738 2849 reges
758 2778 911 2834 Scotorum
930 2786 961 2835 et
973 2778 1176 2833 cumbrorum.
1214 2778 1300 2842 Item,
1323 2779 1442 2846 ibidem,
1465 2782 1542 2853 quod

492 2884 567 2921 enno
586 2864 705 2918 Domini
728 2864 949 2932 nongentesimo
972 2863 1113 2917 vicesimo
1133 2863 1237 2934 prime,
1264 2864 1412 2934 proedictae
1438 2872 1540 2938 gentes

492 2949 646 3018 elegerunt
664 2947 720 3001 sibi
733 2946 910 3001 Edwardum
927 2946 1101 3017 predictum
1117 2947 1148 3001 in
1166 2947 1315 3002 dominum
1334 2954 1365 3003 et
1375 2955 1538 3020 petronem.

493 3033 578 3095 Item,
600 3031 719 3094 ibidem,
739 3048 813 3085 enno
835 3031 953 3085 Domini
971 3031 1191 3100 nongentesimo
1209 3032 1348 3087 vicesimo
1367 3041 1458 3099 sexto,
1478 3035 1541 3092 Rex

492 3117 608 3188 Angiier
637 3116 815 3172 Adeietonus
839 3115 949 3171 devicit
978 3114 1091 3185 Regem
1116 3114 1222 3171 Scotire
1246 3115 1479 3184 Constantinum,
1511 3127 1541 3177 et

491 3202 597 3258 iterum
617 3201 671 3255 sub
690 3217 721 3255 eo
739 3200 874 3271 permisit
893 3216 1026 3267 regnare.
1072 3198 1158 3263 Item,
1179 3198 1323 3266 Edredus,
1343 3202 1434 3258 freter
1451 3202 1539 3259 Adel-

491 3286 576 3350 nteni,
597 3285 658 3339 Rex
681 3283 808 3351 Anglion
834 3283 944 3337 devicit
962 3281 1063 3337 Scotos
1087 3289 1117 3337 et
1137 3283 1409 3353 Nerthumbrenos3
1430 3288 1481 3357 qui
1508 3306 1540 3344 se

491 3370 691 3425 submiserunt
715 3368 742 3422 ei
768 3375 799 3422 et
823 3365 993 3420 fidelitatem
1011 3367 1195 3436 juraverunt.
1245 3368 1321 3423 Item
1341 3369 1462 3436 ibidem,
1481 3372 1539 3428 Ed·

490 3472 580 3522 geme
600 3452 661 3507 Rex
685 3450 802 3520 Anglim
830 3451 981 3520 supererit
996 3449 1160 3505 ³Riuedum
1184 3451 1278 3507 filium
1296 3453 1407 3525 Ainni,
1427 3455 1539 3526 Regem

491 3536 662 3599 Seomrnm;
683 3542 759 3588 etex
772 3542 840 3589 tune
855 3535 947 3588 suctus
965 3542 1010 3588 est
1021 3533 1084 3588 Rex
1097 3546 1222 3605 quotuor
1233 3553 1401 3606 regnorum,
1416 3540 1538 3606 scilicet,

490 3619 616 3687 Anglire,
638 3619 752 3677 Sectire,
773 3618 881 3677 Decio,
903 3627 933 3673 et
957 3618 1131 3686 Norwegire.
1170 3619 1245 3674 Item
1269 3621 1388 3687 ibidem,
1415 3623 1540 3681 Sanetus

492 3702 650 3757 Edwardus
678 3719 802 3769 regmim
831 3701 936 3756 Scotire.
962 3702 1044 3757 dedit
1067 3702 1232 3768 Meieoiine,
1259 3704 1319 3759 filio
1340 3705 1432 3777 Regis
1452 3708 1539 3764 Cum.

490 3787 618 3847 bromm,
650 3784 686 3838 do
717 3803 748 3839 se
778 3786 943 3841 tenendum.
989 3786 1074 3847 Item,
1103 3786 1269 3843 Willelmus
1298 3789 1433 3856 Beetord,
1465 3811 1541 3849 enno

490 3869 573 3937 regni
593 3868 637 3922 sni
658 3875 746 3930 sexto,
767 3869 839 3923 rieit
856 3868 1046 3923 Mnieolirmm
1063 3869 1175 3937 Regem
1194 3869 1310 3935 Scotiae,
1325 3880 1356 3929 et
1372 3877 1486 3948 occepit
1504 3877 1540 3932 ob

489 3970 524 4007 eo
542 3960 755 4007 satemmemnm
771 3951 928 4006 fidelitatis.
968 3952 1053 4009 Item,
1068 3952 1233 4009 ii'illelmus
1247 3954 1342 4010 Rufus
1355 3958 1452 4014 simile
1470 3960 1541 4017 feeit

490 4034 569 4107 quenl
588 4044 671 4106 poter
689 4053 760 4088 emm
780 4034 896 4095 feceret,
923 4052 995 4103 ergo
1016 4035 1206 4091 Molcoiinum
1227 4038 1340 4108 Regem
1366 4040 1483 4108 Scotim,
1508 4053 1539 4100 et

490 4127 589 4175 contro
607 4118 680 4173 duos
700 4118 774 4171 tilios
793 4117 942 4173 Muleolini
962 4120 1125 4174 successive
1141 4134 1305 4189 regnantes.
1344 4124 1431 4189 Item,
1450 4127 1538 4183 Alex·

489 4203 579 4258 under
598 4202 739 4257 suecessit
757 4201 839 4255 i'mtri
859 4219 912 4254 suo
931 4201 1047 4270 Edgnro
1072 4204 1101 4256 in
1126 4221 1251 4272 regnum
1270 4206 1386 4272 Scotiee,
1413 4208 1451 4264 de
1474 4229 1540 4267 eon-

490 4304 577 4340 eemm
599 4285 689 4355 Regis
713 4284 833 4339 Ilenriei
859 4284 959 4339 Primi.
1005 4286 1090 4343 Item.
1114 4286 1218 4351 David,
1246 4290 1307 4343 Rex
1328 4291 1444 4357 Scotiae,
1470 4295 1540 4351 fecit

490 4370 657 4437 homagium
680 4367 751 4436 Regi
773 4368 927 4437 stephano.
965 4369 1050 4426 Item.
1064 4369 1239 4436 willelmus,
1253 4373 1315 4427 Rex
1335 4375 1452 4443 Scotiae,
1471 4381 1541 4436 fecit

491 4452 658 4519 bonrogium
687 4451 815 4507 lienrieo
840 4452 948 4511 'l'ertio
980 4453 1039 4506 tilio
1068 4453 1157 4521 Regio
1185 4456 1305 4512 Henriei
1338 4458 1476 4529 Secundi,
1508 4465 1539 4519 in

491 4538 673 4590 connectere
701 4554 771 4597 suen
803 4548 833 4590 et
858 4536 974 4595 itemm,
1009 4537 1135 4593 ilenrico
1160 4542 1246 4612 petri,
1273 4560 1348 4597 enno
1372 4548 1459 4616 regni
1492 4550 1537 4604 sui

493 4618 645 4681 mersium,
672 4620 748 4673 sient·
773 4630 848 4691 potu
880 4619 908 4675 in
936 4620 1060 4691 ‹pmdruu
1085 4625 1273 4680 conventione
1298 4627 1375 4683 inter
1402 4647 1452 4687 eos
1470 4633 1538 4689 inde

792 4800 795 4805 ·
819 4801 822 4807 .
837 4800 911 4809 —n-
916 4801 963 4809 -.-

527 4932 532 4959 ¹
546 4929 685 4981 Aio-tieem
696 4930 721 4980 in
734 4932 776 4984 the
787 4936 885 4998 printed
893 4945 977 4989 texts:
1054 4939 1217 4993 ‘R'omtemb
1229 4945 1256 4994 in
1268 4946 1311 4996 the
1322 4948 1422 5011 printed
1434 4960 1509 5007 texte

494 5012 499 5025 '
513 5010 622 5061 Norbam
633 5012 640 5032 '
653 5011 673 5059 io
685 5023 775 5064 neom.
1057 5021 1211 5088 'Romnum
1225 5024 1358 5078 Kinodu.
