3750 6250
534 1057 577 1121 60
860 1071 991 1120 ruens
1014 1071 1247 1121 almisonas

364 1260 433 1312 ΑΙ).
448 1266 520 1312 lass,
534 1253 553 1277 '⁸
573 1251 686 1308 litteras
705 1260 844 1325 patentes.
899 1255 977 1311 Data
1002 1255 1079 1327 apud
1107 1254 1241 1311 ¹Brithin
1265 1251 1397 1309 'decimo
1420 1251 1469 1308 die
1495 1250 1581 1318 Julii,

534 1337 553 1361 “
573 1336 656 1407 regni
675 1338 766 1393 nostri
784 1357 858 1393 anno
877 1337 1008 1409 quarto.‘’

366 1444 477 1496 ΗΜ
569 1419 748 1492 Consignata
764 1421 871 1486 littera,
896 1423 1048 1495 ³saetoque
1075 1421 1174 1493 sigillo
1191 1419 1337 1477 communi
1362 1418 1447 1490 regni
1464 1417 1580 1484 Scotioe,

365 1504 675 1575 pmoeeatoprocessis
704 1504 766 1559 Rex
796 1514 830 1561 ut
854 1505 968 1561 videret
993 1513 1130 1561 montana
1160 1505 1275 1572 Scob'oe,
1303 1502 1485 1576 precedente
1514 1520 1582 1558 eum

364 1577 501 1627 theNofffi
534 1604 648 1658 semper
677 1606 730 1659 per
760 1607 847 1644 urrani
877 1589 986 1645 dietam
1016 1590 1159 1662 Episcopo
1192 1587 1391 1644 Dunelmensi.
1447 1587 1582 1657 Cumque

360 1644 520 1696 &swam
533 1672 687 1727 transisset
704 1673 875 1738 Moraviam,
889 1680 920 1729 et
937 1673 1119 1745 pervenisset
1136 1690 1229 1745 usque
1241 1671 1351 1744 Rilgin,
1364 1670 1463 1727 omnia
1479 1669 1582 1726 videus

533 1772 597 1810 esse
622 1763 732 1828 pacata,
755 1775 894 1813 converso
912 1758 1017 1813 itinere
1038 1758 1195 1812 revertitur
1213 1757 1386 1812 Berwicum.
1435 1755 1474 1810 In
1499 1754 1581 1810 rede·

532 1839 610 1895 undo
634 1847 741 1904 autem,
762 1842 900 1898 transivit
924 1860 978 1914 per
998 1841 1175 1897 Abbathiam
1199 1841 1236 1896 de
1262 1840 1371 1905 aeona
1391 1840 1442 1894 ubi
1467 1839 1582 1896 sublato

362 1922 418 1973 The
429 1922 509 1975 Coro
531 1923 626 1995 lapide
645 1944 703 1997 quo
721 1926 820 1996 Reges
839 1926 1003 1991 Scotorum,
1017 1933 1147 1998 tempore
1165 1924 1367 1988 coronationis,
1388 1924 1521 1979 solebant
1537 1924 1581 1979 uti

363 1989 459 2106 2⁸5⁰?
530 2025 582 2078 pro
612 2008 724 2074 throno,
748 2028 840 2079 usque
860 2010 1154 2065 westmonasterium
1178 2008 1329 2064 transtulit
1355 2007 1450 2073 illum,
1474 2007 1582 2080 jubens

361 2065 479 2172 {effiffi
490 2130 516 2173 ω
530 2091 596 2145 inde
615 2092 678 2146 fieri
697 2092 907 2147 celebrantium
925 2092 1094 2148 cathedram
1112 2092 1304 2147 sacerdotum.

360 2189 510 2240 wamia&
564 2175 608 2229 Εο
633 2182 762 2247 tempore
793 2177 864 2242 Rex,
891 2176 969 2247 apud
995 2177 1159 2231 Berwieum
1186 2181 1341 2231 convocato
1374 2174 1580 2238 Parliamento,

360 2262 405 2306 ter·
528 2259 658 2313 omnium
676 2266 846 2330 magnatum
866 2259 972 2315 Scotiae
991 2259 1146 2314 fidelitates
1164 2259 1284 2331 recepit,
1306 2265 1337 2314 et
1354 2257 1511 2329 homagia:
1532 2259 1582 2330 qui

529 2340 566 2395 ad
583 2343 627 2396 rei
645 2351 737 2412 gestae
755 2344 925 2398 memoriam
945 2349 1116 2414 perpetuam
1134 2344 1321 2398 coniecerunt
1338 2359 1426 2412 super
1453 2340 1511 2397 hoc
1535 2340 1582 2396 lit·

528 2431 606 2480 teras
631 2434 772 2497 patentes,
792 2446 892 2482 eorum
920 2427 1030 2497 sigillis
1057 2427 1194 2491 munitas,
1215 2426 1395 2481 continentes
1416 2425 1448 2480 in
1469 2424 1582 2481 Gallico

528 2509 605 2564 huno
624 2516 807 2565 tenorem:-

361 2593 478 2644 Formof
566 2594 764 2651 “⁴Onu1ibus
801 2601 959 2667 praesentes
989 2594 1102 2651 litteras
1132 2594 1241 2649 visuris
1270 2593 1318 2648 vel
1348 2592 1503 2657 audituris,
1533 2593 1581 2648 Jo-

359 2661 509 2712 mbmlsslffi
530 2679 550 2703 ‘¹
569 2677 679 2734 hannes
698 2680 810 2750 Comyn
834 2680 869 2734 de
890 2680 1055 2744 Badenauz,
1075 2685 1142 2742 oto,
1163 2679 1233 2750 quia
1257 2677 1294 2733 ad
1321 2677 1407 2732 fidem
1432 2683 1464 2732 et
1480 2676 1580 2732 volun-

360 2728 489 2845 ggbtllgof
531 2763 659 2816 “tatem
689 2762 883 2818 illustrissimi
913 2764 1064 2835 principis,
1100 2780 1134 2816 ac
1163 2761 1308 2817 carissimi
1338 2760 1448 2816 domini
1478 2762 1578 2824 nostri,

364 2861 491 2913 smum
530 2848 550 2870 ⁴‘
569 2844 714 2909 Rdwardi,
738 2846 794 2901 Dei
819 2847 917 2917 gratia
943 2846 1036 2916 Regis
1061 2845 1187 2916 Angliae,
1220 2844 1338 2899 Domini
1365 2843 1528 2908 Hibernia,
1547 2863 1579 2899 ac

530 2930 549 2954 ‘⁸
569 2928 660 2984 Ducis
679 2930 875 3001 Aquitanniae,
889 2931 1032 2994 venimus,
1051 2929 1250 3000 promittimus
1267 2946 1321 2999 pro
1338 2927 1422 2982 nobis
1440 2934 1473 2982 ct
1488 2929 1578 2983 haere·

530 3014 550 3038 “
569 3011 654 3068 dibus
672 3014 789 3078 nostris,
810 3014 864 3068 snb
882 3031 968 3085 poenu
984 3031 1137 3085 corporum
1152 3018 1317 3066 nostrorum
1334 3018 1366 3066 et
1382 3011 1577 3076 castellorum,

530 3100 549 3122 “
568 3115 602 3153 ac
628 3098 757 3153 omnium
786 3116 851 3170 quar
877 3096 984 3152 habere
1004 3114 1168 3170 possumus,
1192 3095 1270 3167 quod
1294 3112 1347 3151 nos
1366 3095 1528 3151 serviemus
1552 3094 1578 3150 ei

529 3184 548 3207 ‘⁶
567 3181 640 3237 beno
666 3189 696 3238 et
721 3183 846 3238 fideliter
869 3188 971 3236 eontra
997 3199 1095 3236 omnes
1120 3187 1223 3251 gentes
1249 3198 1314 3250 quae
1338 3180 1439 3235 virere
1457 3187 1488 3236 et
1505 3179 1578 3235 mori

529 3269 548 3289 ‘⁴
568 3273 698 3337 possunt,
720 3266 854 3321 omnibus
872 3265 987 3320 vicibus
1008 3264 1114 3335 quibus
1139 3264 1322 3334 requiremus
1340 3263 1387 3317 vel
1405 3264 1577 3335 praemunie-

529 3352 547 3373 “
567 3365 634 3403 mur
651 3367 704 3420 per
721 3349 900 3405 antedictum
918 3348 1068 3403 dominum
1094 3354 1234 3412 nostrum,
1254 3347 1367 3418 Regem
1384 3345 1513 3418 Angliae‚
1532 3347 1578 3402 vel

529 3436 546 3455 ¹·
567 3431 697 3486 haeredes
725 3451 802 3487 suos.
852 3433 892 3487 Et
915 3432 993 3502 quod
1010 3450 1061 3486 nos
1085 3449 1142 3487 non
1167 3432 1292 3486 sciemus
1310 3430 1448 3486 damnum
1467 3450 1575 3496 eorum,

528 3524 546 3539 ‘¹
567 3516 638 3584 quin
663 3515 737 3569 illud
755 3514 949 3586 impediemus
967 3515 1100 3569 omnibus
1119 3515 1231 3570 viribus
1249 3516 1366 3578 nostris,
1390 3522 1420 3570 et
1437 3533 1487 3570 eos
1505 3533 1576 3586 prae·

529 3601 548 3620 '⁶
568 3598 744 3652 muniemus.
798 3599 837 3653 Et
855 3598 892 3652 ad
910 3600 968 3653 ista
984 3598 1109 3652 tenenda
1126 3605 1156 3653 et
1174 3598 1315 3653 servanda
1341 3599 1505 3670 obligamus
1526 3617 1576 3654 nos

528 3684 546 3704 ⁴·
566 3686 596 3733 et
614 3680 743 3734 haeredes
762 3688 885 3745 nostros,
899 3688 929 3736 et
948 3682 1044 3735 omnia
1062 3682 1137 3736 bona
1154 3691 1261 3738 nostra.
1309 3682 1433 3754 Insuper
1452 3691 1483 3739 et
1496 3683 1575 3755 jura·

528 3766 546 3786 ‘⁴
567 3780 641 3827 mus,
663 3765 749 3818 tactis
775 3763 974 3819 Sacrossnetis
1001 3764 1189 3835 Evangeliis;
1209 3773 1239 3821 et
1263 3774 1371 3838 postea,
1395 3784 1447 3821 nos
1465 3784 1573 3831 omnes,

527 3849 545 3870 ‘⁴
566 3851 596 3900 et
622 3846 746 3916 quilibet
772 3854 914 3912 nostrum,
942 3866 994 3919 per
1020 3865 1060 3912 se,
1089 3849 1158 3904 fecit
1182 3850 1351 3920 homagium
1375 3849 1453 3905 dicto
1478 3858 1575 3907 nostro

527 3933 546 3953 ‘⁴
566 3928 682 3984 domino
703 3929 780 4000 Regi
798 3929 916 4002 Angliae
935 3933 966 3985 in
984 3932 1046 3985 hore
1064 3931 1155 3987 verba
1163 3936 1217 3986 :-‘
1231 3932 1296 4003 Ego
1314 3940 1412 3988 vester
1435 3934 1523 3989 homo
1539 3934 1574 3989 li·

527 4016 545 4039 ‘⁶
567 4013 657 4084 ‘gius
676 4013 784 4068 efficior
803 4013 839 4067 de
857 4015 919 4068 vita
936 4020 967 4069 et
985 4014 1134 4080 membris,
1149 4034 1182 4071 ec
1200 4022 1316 4071 terreno
1334 4017 1452 4084 honore,
1476 4025 1575 4074 contra

528 4151 906 4161 -.-----..-——--.....-..
917 4152 1072 4158 .---.....—
1122 4149 1329 4160 -,.,-...--ι.
1488 4154 1571 4163 -...

560 4260 604 4308 'or
632 4257 737 4323 perhaps
763 4255 877 4317 Brictir,
907 4256 1050 4323 meaningi
1104 4258 1242 4325 ’Properly
1264 4259 1359 4326 fracto,
1386 4275 1415 4311 ss
1445 4260 1473 4311 in
1500 4261 1574 4314 Bist-

524 4333 641 4389 Breehin.
1046 4324 1049 4367 ²
1072 4353 1150 4404 anger
1160 4339 1211 4388 and
1221 4339 1423 4405 Hemingburgh.

555 4417 636 4467 ²Tnis
665 4418 722 4467 date
739 4417 790 4467 and
815 4415 917 4480 loeality
945 4430 1049 4471 corre-1
1104 4417 1177 4468 ‘The
1189 4415 1323 4469 substance
1333 4419 1364 4469 ol
1375 4418 1426 4469 this
1438 4420 1573 4473 document

524 4496 602 4558 spond
622 4496 684 4546 with
703 4495 965 4547 thelmnehtextoi
976 4496 1026 4546 this
1070 4495 1093 4547 is
1120 4496 1196 4562 giren
1234 4498 1270 4563 by
1306 4497 1510 4566 Hemingburgh,
1544 4500 1570 4551 in

523 4567 657 4623 document
676 4575 751 4639 given
777 4576 812 4640 by
832 4574 1025 4639 Ilemingburglr
1070 4575 1176 4635 French,
1202 4577 1253 4626 and
1271 4577 1569 4644 concluding-“Dum

524 4652 566 4713 (or
588 4652 789 4718 llemingsord):
814 4655 860 4703 but
881 4653 907 4702 in
929 4654 1025 4718 Rymer
1069 4660 1115 4703 “a
1131 4653 1203 4704 Werk
1220 4653 1241 4705 le
1258 4657 1353 4707 vistim
1375 4659 1446 4722 quint
1459 4659 1521 4724 joar
1542 4660 1571 4711 de

523 4730 556 4793 (l.
570 4745 592 4793 p.
606 4733 667 4793 842)
676 4731 844 4781 inertes-‘¹
852 4733 946 4781 Datum
957 4731 1026 4796 opud
1069 4742 1084 4760 ⁶·
1096 4733 1194 4792 Marce,
1203 4731 1225 4784 le
1235 4750 1282 4785 uae
1292 4736 1325 4786 ds
1336 4752 1407 4802 regne
1417 4745 1497 4789 nosne
1509 4741 1570 4806 seip-

523 4807 1025 4876 “Kynourdyn,seeundodielulii,reyai
1068 4818 1083 4841 ‘⁸
1096 4828 1156 4861 nour
1177 4811 1199 4863 le
1225 4815 1262 4864 rei
1286 4814 1455 4881 d'Enpletem
1473 4819 1570 4870 viatim

523 4893 539 4916 ⁴·
550 4888 627 4934 nostri
636 4902 700 4935 anno
710 4889 821 4952 qamth'
1068 4895 1084 4920 “
1096 4890 1193 4955 quart.”

1594 1251 1684 1372 Ἠ

1593 1387 1684 1505 {eall
