3750 6250
512 1059 577 1120 440
843 1072 974 1121 raone
997 1070 1230 1122 numnam

345 1259 414 1308 AD.
429 1263 499 1307 1³80·
513 1260 583 1313 dum
601 1260 749 1330 Yprenses
774 1261 978 1315 convenissent
1003 1259 1041 1314 ad
1067 1260 1250 1315 mactandum
1274 1278 1342 1317 cum
1372 1261 1578 1333 magnatibus
1591 1265 1682 1316 Malli

347 1357 412 1404 upon
425 1343 467 1392 the
514 1343 645 1406 Comitis,
660 1350 778 1414 repente
797 1345 877 1399 vonit
895 1343 999 1398 Comes
1016 1344 1162 1415 inopinate
1183 1363 1250 1399 enm
1262 1363 1370 1415 magua
1381 1351 1578 1401 armatorum
1590 1333 1651 1396 1³08·
1663 1339 1682 1383 ¹³

345 1409 472 1472 PffiP¹⁰⁰f
513 1426 709 1492 multitudine,
730 1435 760 1482 ct
779 1428 867 1482 irruit
886 1445 975 1498 super
998 1428 1077 1482 cives
1100 1427 1258 1500 Yprenses,
1285 1436 1315 1484 et
1334 1429 1448 1485 occidit
1469 1446 1509 1483 ex
1529 1428 1577 1483 eis
1591 1399 1663 1450 Μ

344 1475 480 1591 {2¹3⁸AE
514 1512 593 1565 'octo
612 1511 707 1565 millia
725 1513 865 1576 virorum,
885 1510 1007 1567 adorsus
1026 1511 1159 1567 fortassis
1178 1513 1291 1569 facinus
1311 1514 1342 1567 in
1353 1514 1456 1584 seipso
1469 1514 1577 1569 acrius

344 1608 374 1656 of
386 1608 461 1657 man.
514 1594 701 1664 puniendum.
739 1594 852 1649 Deinde
867 1594 953 1665 juxte
969 1600 1104 1649 usturam
1116 1595 1163 1650 sui
1175 1596 1302 1651 crudelis
1318 1598 1419 1661 animi,
1440 1613 1460 1652 e
1479 1598 1577 1654 resti·

342 1675 406 1724 <lert
514 1680 565 1749 gio
577 1680 670 1749 cingit
680 1679 783 1733 urbem
795 1678 959 1750 Yprensem
978 1679 1126 1733 obsidione
1135 1702 1143 1743 ;
1163 1698 1251 1750 qnam
1268 1686 1393 1751 captam,
1412 1698 1487 1735 mox
1506 1699 1574 1736 sue·

513 1763 611 1818 cendit
634 1770 746 1834 partem
769 1780 804 1817 ex
828 1780 871 1827 ea,
902 1768 1025 1834 partem,
1052 1762 1089 1816 ad
1111 1764 1310 1819 testimonium
1332 1764 1470 1820 victoriae
1496 1783 1573 1829 sum,

512 1848 650 1902 intactam
668 1846 791 1916 reliquit
813 1864 830 1899 a
851 1847 987 1901 flammis.
1033 1845 1234 1918 Quadraginta
1252 1864 1322 1902 vero
1342 1847 1379 1903 de
1400 1848 1575 1919 majoribus

512 1931 592 1986 illius
604 1931 683 1985 villm
696 1931 854 2002 decapitari
875 1931 1023 2002 pracepit,
1037 1937 1068 1986 et
1078 1931 1200 1986 totidem
1212 1930 1250 1985 ad
1260 1932 1361 1986 villam
1373 1931 1410 1986 de
1422 1932 1574 2004 Brugges

511 2014 626 2079 direxit,
645 2014 784 2070 carcerali
801 2014 941 2069 custodire
958 2014 1147 2085 deputandos.
1185 2014 1296 2084 Quibus
1312 2015 1446 2071 feraliter
1462 2034 1574 2088 perpe-

510 2099 605 2161 tratis,
629 2115 781 2152 commune
799 2097 907 2167 vulgus
928 2104 1076 2163 convocat,
1100 2103 1130 2153 et
1150 2116 1181 2152 se
1200 2097 1318 2153 illorum
1336 2099 1398 2153 fore
1410 2098 1572 2155 dominum

512 2182 635 2253 superbe
647 2182 829 2252 pronunciat.
860 2180 1042 2252 Quapropter
1054 2181 1182 2246 mandat,
1196 2181 1233 2235 de
1253 2187 1359 2237 caetero
1374 2191 1503 2240 caveant
1521 2185 1570 2239 illi

511 2266 657 2328 resistere,
677 2282 714 2319 ne
732 2265 859 2319 similem
870 2281 969 2318 omnes
982 2282 1098 2335 posnam
1109 2265 1268 2330 incurrant,
1282 2283 1370 2336 quam
1381 2265 1571 2338 decapitatos

511 2349 637 2403 diximus
663 2348 828 2418 excepisse;
860 2354 1041 2402 sacramento
1059 2348 1213 2413 affirmans,
1234 2366 1266 2404 se
1288 2349 1510 2405 vindicaturum
1535 2354 1569 2406 in

512 2433 587 2494 illos,
608 2433 633 2486 si
659 2449 788 2501 unquam
813 2431 868 2486 sibi
894 2432 1089 2486 resistendum
1116 2433 1292 2503 putaverint,
1320 2440 1354 2488 ut
1376 2434 1409 2488 in
1426 2436 1568 2490 concives

511 2535 612 2570 eorum
632 2517 712 2570 ultus
734 2523 788 2581 est,
810 2533 909 2570 omnes
922 2516 1099 2585 generaliter
1112 2517 1263 2587 plectendo
1276 2518 1421 2572 sententia
1431 2520 1567 2590 capitali.

510 2601 666 2662 Praetereu,
687 2598 773 2653 ²cum
793 2599 961 2669 pulsaretur
979 2599 1154 2655 clamoribus
1175 2600 1343 2655 relictarum
1363 2601 1565 2668 ioeminarum,

511 2702 634 2753 quarum
658 2683 778 2738 marites
798 2683 1032 2748 obtruncaverat,
1057 2684 1163 2754 quaerit
1176 2702 1308 2753 quanam
1327 2684 1395 2749 sint,
1421 2686 1471 2740 vel
1497 2706 1566 2757 qum

509 2786 598 2823 eausa
615 2766 750 2822 clamoris
769 2783 878 2821 earum.
916 2766 1050 2838 cumque
1070 2766 1221 2823 didicisset
1239 2769 1291 2823 has
1311 2766 1421 2839 ¹[esse]
1440 2770 1566 2827 relictas

509 2852 640 2906 virorum
663 2856 756 2905 morte
777 2849 975 2920 *punitorum
997 2867 1074 2914 mox,
1097 2856 1131 2905 ut
1149 2850 1223 2905 nihil
1251 2852 1344 2922 plenoe
1364 2853 1483 2908 deesset
1498 2873 1566 2909 cru·

510 2935 633 2998 delitati,
654 2940 684 2989 et
701 2934 754 2988 hss
772 2933 931 3003 decapitari
949 2935 1097 3004 praecepit,
1117 2934 1256 2989 mandans
1273 2941 1307 2989 ut
1325 2936 1386 2991 suis
1404 2937 1567 2994 mittantur

510 3018 633 3083 maritis,
663 3035 700 3072 ne
729 3017 841 3072 diutius
872 3018 903 3071 in
933 3018 1076 3073 viduitate
1100 3017 1224 3073 detentae
1245 3025 1387 3089 cogantur
1415 3021 1564 3091 prolixius

510 3103 634 3158 inaniter
652 3102 814 3157 lamentari.

342 3189 500 3250 iiebaieges
547 3187 659 3256 Quibus
686 3187 788 3257 gestis,
819 3183 991 3240 Gandavnm
1008 3177 1083 3239 ¹eum
1110 3192 1227 3240 centum
1253 3186 1384 3242 millibus
1409 3187 1446 3242 de
1474 3190 1562 3261 plebe

343 3256 436 3315 (ὥρων
448 3255 491 3304 ¹¹¹⁰
512 3291 565 3327 sua
583 3270 732 3326 obsidione
756 3269 894 3335 vallavit;
926 3287 994 3323 nam
1019 3275 1049 3324 et
1066 3269 1147 3324 illam
1164 3270 1267 3325 urbem
1291 3271 1461 3328 subvertere
1480 3278 1563 3346 cogi·

342 3322 470 3437 affl&
511 3356 599 3417 tabat,
619 3373 676 3409 non
705 3354 799 3408 solum
830 3353 899 3423 quia
928 3351 1067 3406 rebellem
1081 3353 1233 3423 judicabat
1261 3355 1391 3421 candem,
1417 3357 1469 3411 sed
1494 3359 1563 3413 ideo

343 3455 481 3517 placcdefy
512 3440 645 3500 maxime,
667 3438 736 3506 quio
761 3437 966 3491 Gundavenses
992 3436 1093 3490 villum
1119 3437 1154 3491 de
1182 3439 1381 3494 Dindcrmoim
1412 3441 1473 3510 igni
1496 3463 1562 3497 sue-

343 3522 401 3569 him.
511 3524 676 3580 conderent,
709 3542 742 3575 eo
780 3522 856 3589 quod
888 3521 995 3575 Comiti
1027 3522 1112 3574 nimis
1149 3524 1246 3576 favero
1284 3525 1347 3578 visa
1383 3527 1448 3579 suit.
1501 3529 1561 3582 Sed

511 3606 726 3667 (laudecenses,
747 3606 819 3658 nihil
839 3624 905 3658 omn
932 3605 1028 3667 veriti,
1050 3624 1103 3658 nee
1122 3606 1185 3674 ejus
1205 3609 1363 3661 exercitum
1382 3617 1559 3675 metuentes,

509 3690 628 3742 cleintis
650 3675 748 3759 ¹portis
774 3690 810 3741 do
838 3690 899 3743 suis
926 3688 1101 3752 cardinibus,
1122 3697 1152 3742 et
1170 3690 1200 3742 in
1218 3691 1346 3744 medium
1365 3694 1460 3745 forum
1478 3695 1560 3749 villae

509 3774 638 3843 perlatis,
666 3774 757 3828 latum
783 3775 838 3827 iter
869 3773 924 3827 sibi
956 3780 985 3826 et
1016 3772 1086 3835 suis,
1126 3773 1151 3825 si
1179 3775 1287 3830 intrare
1313 3775 1447 3843 audeant,
1477 3787 1561 3848 pute-

509 3856 639 3911 saciuntf‘

858 4052 906 4115 Dc
929 4050 1016 4134 Repe
1039 4051 1206 4116 Francius.

343 4230 469 4284 Deuthus
546 4213 610 4266 Hac
639 4216 738 4265 metato
766 4210 903 4272 Karolus‚
931 4209 982 4277 qni
1008 4209 1103 4262 dictus
1130 4216 1175 4263 est
1200 4211 1262 4265 Rex
1290 4211 1429 4276 Frunciro,
1451 4215 1502 4284 qui
1533 4226 1563 4271 ec

342 4295 584 4357 ClurlesV.,illn‹l
617 4314 738 4366 regnum
769 4300 835 4364 post
863 4292 1047 4362 ‘’perjurinm
1082 4295 1234 4363 occupavit
1264 4296 1380 4364 injuste,
1412 4300 1561 4354 maximus

343 4363 449 4478 ξέἓξὲἰῖ
511 4382 694 4435 adversarius
719 4380 810 4448 Regis
829 4377 945 4445 Angliic
964 4382 993 4429 ct
1020 4376 1135 4429 Domini
1161 4377 1270 4431 Urbani
1297 4380 1393 4449 Papae,
1414 4387 1563 4439 concessit

543 4676 547 4701 ¹
561 4673 595 4719 ud
605 4680 655 4719 cetu
666 4672 691 4718 in
705 4671 746 4719 the
758 4670 855 4732 printed
867 4676 939 4716 texte.
1090 4667 1135 4714 ὖΛ
1150 4670 1209 4732 long
1221 4686 1325 4734 passage
1337 4671 1358 4720 is
1373 4675 1476 4723 omitted
1490 4676 1560 4733 here,

542 4751 596 4797 2(ιιΙ
607 4752 632 4797 in
646 4751 708 4811 orig.
722 4771 728 4803 ;
747 4752 780 4812 by
791 4750 972 4796 inadvertence.
1059 4747 1110 4794 that
1122 4750 1258 4810 appensio
1273 4751 1339 4799 nihl.
1357 4752 1420 4816 neg.
1436 4760 1464 4801 13
1478 4756 1507 4803 Ε,
1521 4756 1558 4805 ix,

542 4836 550 4858 '¹
564 4829 681 4891 Supplied
692 4831 757 4876 froin
778 4828 841 4876 nihl.
855 4829 917 4889 neg.
933 4833 961 4873 13
975 4827 1002 4874 E.
1033 4820 1034 4845 ¹
1089 4830 1098 4854 ⁰
1110 4828 1265 4892 Apparently
1277 4832 1374 4880 written
1383 4836 1537 4896 “periurium
1545 4837 1559 4858 ’¹

508 4911 541 4957 ix.
557 4930 563 4966 ;
582 4908 684 4956 omitted
696 4908 721 4955 in
734 4908 775 4955 the
787 4907 884 4969 printed
897 4913 969 4954 texts.
1056 4907 1081 4954 in
1095 4908 1156 4971 orig.

544 4992 698 5051 'perizetorum
711 4987 735 5034 in
748 4987 789 5035 the
802 4987 900 5048 printed
912 4993 984 5034 texe.
1031 4980 1033 5037 l
