3750 6250
483 1059 548 1124 238
815 1072 944 1121 ruoun
966 1069 1199 1120 wunsrnenuu

320 1242 469 1300 seusu.
485 1257 503 1281 “
523 1256 616 1310 sones
640 1255 770 1326 publicas
794 1257 825 1310 sn
848 1256 920 1311 locis
950 1255 1143 1310 eminentibus
1175 1253 1320 1310 faciendas
1344 1270 1397 1324 por
1420 1269 1475 1309 vos
1498 1255 1638 1316 eiusne

485 1342 504 1365 “
524 1344 644 1394 caeteros
668 1340 872 1395 confratresae
897 1340 1102 1409 Suffraganeos
1126 1344 1250 1403 nostros,
1271 1337 1367 1409 polum
1390 1336 1530 1392 duximus
1542 1329 1595 1373 ⁶⁵⁵·

485 1424 504 1447 “
523 1422 656 1477 omnibus
675 1423 819 1488 intimare,
840 1440 876 1477 ne
896 1423 1067 1493 ignorantiis
1086 1422 1227 1477 affectata
1243 1420 1381 1476 nebuloso
1400 1419 1527 1482 valcant,
1541 1389 1638 1521 bum

486 1509 504 1532 ‘⁴
524 1505 575 1575 qui
610 1523 735 1576 nequam
759 1513 837 1572 sunt,
866 1506 1034 1577 aliqualiter
1060 1523 1199 1561 excusare
1223 1510 1367 1576 praetextu
1393 1502 1638 1587 veritatiswgyg,

486 1593 504 1615 “
525 1589 694 1657 ¹eeeultatoe,
708 1596 738 1646 et
749 1596 783 1646 nt
794 1590 878 1645 decet
886 1590 1006 1645 minime
1015 1591 1180 1661 publicane,
1193 1589 1245 1645 sed
1253 1597 1286 1644 ut
1298 1588 1410 1659 singuli
1421 1586 1529 1642 melius
1540 1595 1592 1640 ³⁸⁰.

486 1676 504 1698 “
524 1673 580 1728 sibi
599 1681 721 1730 caveant
737 1691 791 1745 pro
808 1674 916 1730 future.
953 1673 1070 1729 Nostrae
1094 1680 1191 1728 tamen
1211 1672 1381 1728 intentionis
1405 1688 1464 1726 non
1482 1687 1529 1725 ex·

486 1759 504 1782 “
523 1757 595 1823 istit,
616 1757 773 1813 Dominum
785 1763 926 1822 nostrum,
945 1757 1058 1826 Regem
1069 1756 1186 1827 Anglim
1198 1756 1353 1821 illustrem,
1371 1753 1528 1809 Dominam

486 1843 505 1866 “
523 1839 678 1912 Reginam,
710 1847 763 1898 aut
791 1841 899 1896 liberos
935 1841 1104 1906 eorundem,
1137 1840 1224 1896 dietis
1264 1839 1428 1904 sententiis,
1460 1835 1528 1893 ’aut

486 1925 505 1950 ‘⁶
524 1924 624 1995 aliqua
650 1942 760 1993 aarum,
795 1925 915 1989 involvi,
941 1942 993 1981 seu
1018 1926 1073 1981 sub
1103 1924 1324 1980 denunciatione
1357 1922 1527 1994 hujusmodi

486 2010 504 2033 ‘⁴
524 2008 738 2078 comprehendi,
753 2015 895 2078 quatenus
908 2008 1020 2080 dejure
1033 2009 1164 2064 excusari
1176 2013 1313 2078 poterunt
1324 2007 1356 2063 in
1366 2007 1422 2062 hae
1433 2010 1525 2077 parte.

486 2094 505 2117 “
524 2091 696 2148 Mendantes
715 2099 782 2158 oto,
797 2098 939 2163 quatenns
958 2091 1033 2147 etc.’'
1508 2108 1516 2126 ·

519 2176 613 2230 Tener
630 2194 699 2232 vero
718 2176 885 2247 hujusmodi
903 2176 1104 2231 Articulorum
1121 2176 1189 2232 talis
1207 2183 1299 2232 cst.-

521 2263 540 2285 “
554 2259 590 2314 In
602 2258 658 2314 Dei
671 2261 795 2324 nomine,
811 2260 914 2316 Amen.
952 2260 1015 2316 Nos
1037 2261 1195 2325 lohannes,
1215 2259 1407 2330 permissione
1419 2256 1527 2320 divina,

486 2345 504 2369 ‘⁴
524 2349 578 2398 etc.
617 2342 723 2400 Omnes
744 2351 775 2398 ct
794 2344 925 2413 singulos
948 2346 998 2414 qui
1019 2345 1157 2400 ecelesias
1181 2362 1234 2399 suo
1255 2344 1322 2414 jure
1343 2343 1470 2414 privare,
1483 2339 1530 2395 vel

485 2430 504 2454 Η
560 2445 576 2480 r
635 2426 654 2479 l*
673 2427 679 2438 ”
750 2428 755 2438 “
808 2428 814 2439 “
1395 2427 1400 2437 ”

486 2515 504 2538 u
523 2427 908 2566 innuunt
921 2426 1529 2582 §utitatissimum

485 2598 505 2621 “
524 2613 596 2664 quas
610 2594 758 2649 libertates
770 2599 822 2650 ant
832 2595 939 2650 liberas
957 2596 1180 2651 eonsuetudines
1192 2602 1298 2650 nostroe
1311 2592 1528 2649 cantuariensis

486 2681 505 2704 “
525 2677 655 2732 eeclesiae
668 2678 849 2744 violaverint,
862 2696 915 2734 seu
926 2680 958 2733 in
976 2680 1076 2750 aliquo
1088 2680 1286 2743 diminuerint,
1297 2678 1345 2734 vel
1357 2683 1460 2731 contra
1470 2675 1527 2747 pri·

486 2769 505 2793 “
524 2763 635 2833 vilugio
645 2762 740 2817 eidem
752 2763 865 2818 indulta
877 2763 1002 2818 scienter
1014 2764 1156 2827 venerint,
1170 2772 1222 2819 eut
1238 2769 1338 2818 cenna
1349 2779 1385 2816 ca
1396 2761 1525 2824 fecerint,

486 2852 505 2876 “
524 2866 635 2903 necnon
646 2852 676 2903 et
687 2847 753 2901 illos
771 2848 821 2917 qui
837 2864 938 2918 pacem
950 2853 979 2902 et
995 2848 1237 2917 tranquillitatem
1250 2848 1341 2917 Regia
1359 2846 1429 2901 ⁴aut
1445 2844 1527 2915 regni

486 2936 505 2960 “
523 2932 640 3003 Angliae
658 2932 792 3002 nequiter
810 2940 840 2987 et
860 2932 1000 3003 injuriose
1018 2933 1188 3002 perturbare
1206 2935 1396 3002 praesumunt,
1420 2947 1473 2988 sen
1493 2928 1527 2983 ad

485 3021 504 3046 “
523 3019 577 3073 hoo
601 3017 734 3072 dederint
756 3016 918 3081 eonsilium,
942 3016 1092 3082 auxilium,
1113 3016 1160 3073 vel
1180 3017 1317 3079 savorem,
1331 3014 1454 3084 Majoris
1474 3013 1527 3068 Ex·

486 3101 791 3160 “communicationis
822 3101 973 3167 sententia,
1008 3101 1085 3157 sieut
1108 3108 1177 3157 sunt
1204 3120 1222 3158 a
1246 3099 1354 3156 sanetis
1385 3098 1525 3170 patribus,

486 3193 504 3216 “
524 3189 674 3244 inmodates
698 3195 728 3242 et
751 3186 1012 3242 excommunicatos
1043 3186 1135 3242 fuisse
1159 3193 1189 3241 et
1212 3202 1276 3240 esse
1308 3183 1525 3245 denunciamus,

486 3278 504 3301 “
524 3280 554 3328 et
574 3292 592 3328 a
611 3271 761 3327 liminibus
777 3270 890 3326 Sancte)
908 3269 1013 3325 Matris
1031 3269 1171 3325 Ecclesiae
1191 3274 1418 3339 sequestramus,
1432 3272 1526 3323 aneto·

485 3360 504 3384 “
523 3358 610 3412 ritate
623 3356 678 3410 Dei
696 3355 793 3409 Patris
806 3353 1028 3424 Omnipotentis,
1042 3354 1141 3409 Beatus
1153 3353 1255 3409 Marini
1267 3352 1412 3422 Virginis,
1428 3351 1527 3407 mamis

486 3444 503 3468 “
524 3460 593 3504 suas,
608 3440 693 3494 Beati
711 3439 828 3492 Thomas
840 3437 981 3506 Martyris
994 3437 1125 3507 gloriosi,
1141 3436 1371 3506 Sanctorumque
1388 3436 1525 3497 omnium,

486 3530 503 3554 ‘⁶
523 3527 638 3596 plublice
656 3532 686 3579 et
704 3524 870 3578 solemniter
888 3523 917 3575 iu
937 3522 995 3576 hiis
1014 3523 1139 3592 scriptis.

521 3612 634 3673 “Item‚
660 3627 727 3664 cum
745 3609 775 3661 in
792 3608 901 3676 Magna
919 3606 1028 3661 Ohnrta
1046 3607 1177 3669 Henrici,
1198 3605 1341 3675 qnondam
1360 3604 1452 3675 Regis
1470 3603 1526 3658 An·

486 3699 504 3722 “
524 3695 602 3764 gline,
623 3695 662 3748 sit
679 3710 848 3748 concessum
874 3709 907 3745 eo
932 3691 1021 3745 etiam
1047 3691 1220 3754 ordinatum,
1242 3689 1319 3760 quod
1336 3689 1436 3744 nullus
1455 3688 1527 3742 liber

487 3783 504 3804 “
525 3779 609 3833 homo
635 3778 718 3847 regni
735 3775 851 3846 Anglisa
879 3777 1011 3845 cupiatur
1037 3776 1084 3829 vel
1110 3776 1325 3845 impriscnetur,
1353 3780 1404 3828 ant
1427 3773 1527 3827 dissei·

487 3865 504 3889 “
525 3863 618 3917 siatnr
642 3861 678 3914 de
704 3860 795 3914 libero
821 3867 984 3914 tenemento
1010 3877 1071 3923 suo,
1092 3860 1139 3913 vel
1158 3860 1341 3912 libertatibus
1360 3864 1411 3912 ant
1429 3857 1527 3911 liberis

486 3951 504 3974 ‘⁶
524 3944 780 4001 consuetudinibus
799 3946 869 4007 suis,
890 3962 942 3998 seu
967 3943 1153 4014 onthlagetur
1171 3943 1217 3997 vel
1237 3944 1342 4005 exulet,
1363 3948 1414 3996 aut
1432 3942 1527 4011 aliquo

486 4035 505 4059 “
524 4031 582 4086 alio
606 4031 691 4085 medo
721 4029 904 4092 destructum
944 4028 1078 4097 quodque
1103 4045 1191 4097 snper
1225 4027 1349 4081 liberum
1383 4027 1527 4080 hominem

486 4114 690 4187 “hujusmodi
711 4114 773 4166 Rex
793 4131 849 4165 uon
870 4113 925 4166 ibit
937 4113 984 4166 vel
1002 4114 1108 4174 mittet,
1126 4113 1182 4165 nisi
1203 4130 1254 4182 per
1274 4111 1368 4181 legale
1385 4111 1527 4181 judicium

486 4205 504 4227 “
523 4203 637 4271 parium
656 4215 783 4259 suorum,
803 4197 849 4248 vel
877 4215 928 4265 per
956 4197 1051 4266 legem
1076 4205 1162 4250 terroe
1188 4195 1375 4265 Anglieanre3
1404 4202 1436 4248 et
1454 4192 1528 4264 qued

486 4290 504 4312 “
524 4287 585 4339 ltex
609 4282 682 4338 nulli
707 4280 836 4351 negabit,
862 4280 934 4333 nulli
966 4281 1078 4343 vendet,
1104 4280 1152 4334 vel
1176 4279 1315 4342 differret,
1343 4283 1456 4332 rectum
1483 4276 1527 4331 vel

486 4372 504 4396 ‘⁴
520 4369 683 4439 justitiam
715 4364 848 4436 quodque
872 4365 976 4418 civitas
997 4365 1210 4419 Londeniarum
1229 4364 1334 4417 habeat
1356 4379 1457 4416 omnes
1481 4380 1526 4416 an·

486 4457 504 4479 “
525 4455 620 4524 tiques
645 4452 695 4505 ⁵et
721 4450 827 4503 liberas
854 4448 1075 4502 consuetudines
1110 4465 1194 4512 suns;
1231 4447 1353 4515 olimque
1383 4445 1527 4500 nonnulle

486 4538 673 4592 “libertates
698 4541 728 4588 et
757 4532 855 4587 liberm
886 4531 1107 4587 eonsuetudines
1131 4532 1161 4585 in
1191 4530 1270 4585 dieto
1300 4529 1409 4588 Charta
1437 4546 1527 4599 regne

523 4831 670 4882 ¹eeecrditer
681 4831 812 4893 mucltetur,
830 4833 901 4883 Harl.
914 4839 969 4883 655.
1062 4837 1121 4895 ⁴ue,
1134 4835 1204 4884 Harl.
1218 4839 1273 4884 655.

518 4912 528 4940 ²
540 4909 577 4959 nel
587 4909 677 4974 aliqua,
689 4911 761 4960 IIarl.
773 4917 829 4961 655.
1063 4917 1071 4942 ⁵
1083 4912 1204 4964 libertates
1215 4923 1246 4975 et,
1258 4913 1330 4964 Harl.
1344 4919 1399 4965 ete.

519 4992 528 5019 ⁸
539 4989 599 5049 illos,
611 4989 682 5039 Harl.
693 4994 748 5037 655.
