3750 6250
488 1059 552 1122 256
819 1075 949 1123 ruousr
972 1074 1205 1124 warsisessu

318 1258 506 1311 A.1›.1sis.“
526 1257 644 1320 mentia,
677 1256 773 1327 ¹[quae
798 1256 834 1311 do
860 1258 987 1312 lomento
1010 1258 1172 1312 devotionis
1206 1257 1318 1313 Christi
1348 1257 1481 1313 fidelium
1510 1264 1637 1319 ethan

487 1341 688 1394 “animarum
715 1342 809 1396 salute
835 1342 909 1397 solet
936 1360 1000 1397 esse
1019 1360 1131 1396 summe
1158 1341 1293 1406 sollicita,
1320 1360 1379 1396 nou
1404 1360 1539 1413 quaerens
1552 1340 1622 1414 ⁶⁵⁵0,

487 1427 505 1449 ‘⁴
526 1441 590 1494 quae
603 1430 670 1480 sunt
688 1443 749 1490 sua,
764 1425 815 1479 sed
834 1443 899 1495 quas
915 1431 983 1480 sunt
998 1426 1095 1496 potius
1109 1425 1128 1479 J
1130 1443 1182 1480 esu
1195 1425 1316 1489 Christi,
1336 1433 1418 1481 tenet
1434 1426 1537 1498 proba·
1549 1400 1637 1519 ξε..

485 1511 503 1534 “
523 1506 622 1563 biliter
656 1516 755 1564 nostra
788 1509 904 1573 fiducia,
948 1509 1026 1580 quod
1044 1515 1143 1565 vestra
1172 1511 1327 1565 maturitas
1357 1512 1388 1565 in
1418 1510 1538 1583 specula
1548 1533 1637 1613 ηιμ

486 1595 505 1617 “
525 1592 707 1648 celsitudinis
730 1593 916 1665 Apostolicae,
941 1594 1134 1664 praeclaritate
1152 1596 1324 1649 meritorum
1350 1601 1381 1650 et
1406 1595 1620 1651 seientiaeRm

441 1684 444 1690 '
486 1680 505 1702 ‘⁴
525 1676 664 1732 divinitus
679 1678 741 1748 jam
760 1685 865 1740 erecta,
894 1696 929 1730 ea
947 1696 1012 1748 quse
1030 1676 1119 1732 decus
1142 1678 1283 1733 Ecclesiae
1305 1685 1334 1733 et
1352 1678 1536 1734 devotionem

486 1762 505 1785 “
523 1759 617 1830 plebis
643 1766 802 1825 attenuant,
827 1779 861 1815 ac
885 1761 1048 1815 animarum
1079 1768 1109 1816 et
1137 1779 1236 1815 rerum
1260 1762 1391 1832 pericula
1415 1763 1535 1817 commi·

486 1846 505 1870 “
524 1853 638 1907 uantur,
655 1844 769 1899 curabit
780 1844 1008 1899 misericorditer
1019 1845 1188 1899 reformare.
1226 1846 1263 1900 Iu
1276 1846 1426 1917 publicam
1437 1852 1535 1901 autem

485 1930 505 1954 “
523 1945 580 1982 non
616 1929 792 1998 ambigimus
818 1929 952 1983 notitiam
981 1930 1158 1999 pervenisse,
1196 1930 1323 2000 qualiter
1353 1929 1390 1984 ab
1418 1930 1535 1985 exordio

485 2013 504 2037 “
523 2012 667 2067 nascentis
693 2012 832 2067 Ecclesiae
858 2013 888 2066 iu
918 2030 1009 2083 regno
1034 2021 1133 2069 nostro
1157 2012 1284 2084 Anghm,
1312 2014 1534 2085 progenitorum

484 2098 503 2122 “
522 2103 687 2150 nostrorum
708 2096 823 2166 Regum
850 2096 977 2166 Augilas,
1009 2103 1039 2151 et
1065 2115 1219 2169 procerum
1249 2116 1283 2152 ac
1308 2097 1440 2152 fidelium
1463 2098 1534 2154 dicti

483 2182 502 2205 “
521 2181 615 2250 regui,
635 2179 723 2250 digne
741 2180 903 2243 recolenda,
930 2180 1067 2250 prioritas
1092 2187 1211 2251 propter
1229 2180 1322 2234 divini
1340 2180 1439 2235 cultus
1462 2200 1533 2252 aug-

482 2266 501 2290 “
521 2269 651 2318 mentum
676 2264 836 2318 construxit
853 2264 1001 2328 eeclesias,
1029 2271 1059 2318 et
1076 2264 1155 2335 ipsas
1180 2262 1303 2335 'amplis
1330 2263 1444 2319 dotavit
1467 2282 1533 2336 pos-

481 2350 500 2373 “
521 2347 706 2410 sessionibus,
734 2346 915 2418 ’privilegiis
957 2349 1157 2411 communivit,
1199 2354 1230 2403 et
1264 2365 1374 2419 ponens
1413 2348 1446 2405 in
1489 2350 1531 2402 eis

481 2432 668 2485 “ministros
691 2430 818 2495 idoneos,
845 2432 896 2501 qui
925 2431 1012 2485 fidem
1039 2432 1218 2486 Catholioam
1248 2432 1279 2486 in
1309 2431 1450 2503 subjectis
1475 2432 1530 2487 sibi

480 2518 499 2542 “
519 2515 629 2585 linguis
649 2521 678 2570 et
689 2516 804 2586 populis
829 2515 954 2568 feliciter
977 2522 1185 2586 propagarunt,
1211 2532 1263 2586 per
1288 2533 1414 2586 quorum
1430 2533 1528 2570 euram

480 2602 549 2652 “et
573 2599 796 2653 sollicitudinem
820 2598 905 2652 vinea
928 2598 1046 2652 Domini
1065 2598 1192 2654 Sabaoth
1212 2599 1244 2652 iu
1270 2599 1353 2654 cultu
1377 2606 1408 2654 et
1432 2600 1528 2654 fructu

479 2686 498 2709 “
518 2682 626 2736 ibidem
652 2682 773 2736 mirifice
791 2682 985 2737 foecundavit:
1007 2681 1067 2745 sed,
1087 2682 1165 2752 quod
1185 2682 1342 2738 dolendum
1360 2689 1416 2747 est,
1435 2684 1527 2755 ipsius

480 2769 499 2792 “
517 2767 610 2820 rineae
622 2767 796 2837 propagines
815 2765 1028 2837 degenerantur
1047 2766 1078 2819 in
1102 2766 1261 2829 labruscas,
1281 2774 1312 2821 et
1334 2767 1527 2821 exterminant

479 2854 499 2877 ‘⁴
517 2850 616 2905 *illam
632 2850 696 2921 apri
714 2849 750 2904 de
763 2849 854 2920 sylva,
869 2849 1091 2920 singularesque
1110 2850 1179 2903 ferae
1191 2849 1351 2920 depascunt
1368 2867 1443 2914 eam,
1459 2850 1527 2905 dum

479 2938 498 2962 ‘⁴
517 2934 734 3006 ‘impositiones
763 2940 794 2988 et
818 2933 998 3004 provisiones
1030 2932 1114 2987 Sedis
1134 2932 1320 3003 Apostolioae,
1346 2951 1413 3004 qum
1441 2933 1526 2989 solito

479 3020 638 3090 “gravius
670 3017 861 3081 invalescunt,
883 3018 977 3088 ipsius
1007 3017 1165 3088 peculium,
1192 3024 1294 3073 contra
1318 3018 1398 3088 piam
1426 3018 1525 3073 volun·

479 3108 608 3160 “tatem
628 3110 658 3159 et
681 3102 890 3159 ordinationem
921 3101 1101 3164 donatorum,
1127 3120 1229 3157 manus
1258 3109 1403 3173 occupant
1432 3102 1525 3173 indig-

479 3193 498 3217 “
517 3208 630 3252 norum,
650 3195 680 3242 et
698 3187 861 3258 praesertim
881 3194 1056 3250 exterorum,
1079 3193 1108 3241 et
1127 3186 1191 3257 ejus
1212 3186 1371 3257 dignitates
1391 3193 1422 3242 et
1440 3187 1524 3240 bene·

479 3278 499 3302 ‘⁶
518 3275 584 3329 ficia
606 3273 729 3345 pinguia
748 3271 880 3342 personis
904 3270 1092 3324 conferuntur
1118 3263 1263 3340 ‘indignis
1288 3288 1322 3324 ao
1342 3270 1522 3340 alienigenis,

479 3362 498 3385 “
517 3359 689 3429 plerumque
706 3355 790 3409 nobis
810 3354 962 3423 suspectis,
985 3354 1036 3423 qui
1056 3371 1113 3407 non
1133 3352 1261 3408 resident
1282 3354 1312 3408 in
1333 3353 1420 3408 dietis
1440 3354 1524 3408 bene·

480 3446 498 3469 “
519 3443 602 3501 ficiis,
622 3448 652 3495 et
677 3440 777 3493 tultus
805 3438 1025 3492 commissorum
1045 3439 1087 3492 eis
1105 3455 1242 3508 pecorum
1268 3456 1325 3491 nou
1352 3444 1522 3509 agnoscunt,

480 3530 499 3552 “
518 3526 649 3595 linguam
666 3542 722 3577 nou
740 3522 918 3591 intelligamt.
943 3522 993 3575 sed
1012 3523 1175 3576 animarum
1194 3541 1264 3576 cura
1281 3522 1425 3592 neglecta.
1446 3523 1525 3575 velut

480 3614 498 3636 “
518 3610 688 3663 mercenarii
706 3605 885 3660 solummodo
897 3606 1067 3675 temporalia
1085 3607 1167 3660 lucra
1180 3614 1322 3677 quaerunt,
1337 3614 1367 3659 et
1380 3606 1422 3659 sic
1442 3606 1524 3660 dimi-

480 3697 498 3719 “
519 3695 618 3746 uuitur
643 3691 753 3745 Christi
783 3690 890 3752 cultus,
918 3691 1080 3744 animarum
1113 3708 1183 3744 curs
1217 3689 1389 3759 negligitur,
1413 3689 1524 3743 subtra-

480 3782 498 3803 “
518 3778 598 3830 bitur
610 3775 802 3844 hospitalium,
816 3774 1004 3827 eeclesimum
1025 3775 1094 3844 jura
1110 3774 1278 3844 depereunt,
1295 3779 1385 3828 ruunt
1404 3773 1525 3828 aedificia

480 3866 498 3888 “
518 3863 699 3921 elericorum,
734 3867 900 3911 attenuatur
930 3857 1045 3911 devotio
1069 3859 1179 3928 populi,
1205 3857 1303 3911 cleriei
1328 3856 1400 3910 dicti
1430 3857 1522 3926 regui,

480 3950 498 3972 “
518 3946 575 3999 riri
587 3962 699 4012 maguae
720 3942 892 3995 litteraturae
912 3955 942 3995 et
961 3943 1186 3995 conversationis
1204 3941 1342 4003 honestes,
1358 3941 1409 4010 qui
1426 3957 1523 3995 curam

480 4034 499 4058 ‘⁴
519 4039 549 4084 et
565 4030 696 4098 regimen
713 4036 831 4097 possent
849 4025 1006 4079 salubriter
1022 4043 1171 4096 peragere,
1192 4039 1221 4079 et
1238 4026 1332 4079 forent
1345 4042 1399 4096 pro
1418 4025 1523 4078 nostris

514 4243 672 4292 'Reserenee
689 4238 712 4286 is
729 4237 788 4286 here
805 4236 878 4283 made
896 4234 922 4282 in
938 4235 981 4283 the
1001 4266 1004 4277 ι
1025 4244 1091 4285 texts
1119 4237 1149 4285 os
1172 4235 1357 4299 tt'alsingham,
1385 4237 1436 4285 aad
1468 4234 1522 4284 MS.

482 4322 598 4373 smnus
620 4320 677 4368 us.
699 4327 726 4367 ιο
750 4316 792 4364 ae
814 4316 864 4363 ena
886 4314 917 4361 of
940 4315 982 4362 ue
1000 4300 1003 4373 l
1024 4315 1301 4379 Bibl.}leg.1³Rin

483 4403 592 4461 rolume,
608 4427 642 4438 -
657 4406 673 4426 “
690 4411 770 4461 quere
803 4391 917 4455 reliam
957 4390 1004 4483 'hl
1056 4392 1250 4458 ’capreaeque
1261 4393 1333 4442 Harl.
1346 4395 1456 4445 6552ud
1464 4392 1519 4444 MS.

482 4484 558 4544 “fine
589 4479 691 4536 libri'';
731 4477 822 4531 where,
858 4473 1295 4537 however,tBibl.Reg.131·2ix.

483 4558 889 4613 thislaetterisnottobefound
924 4555 982 4604 Itis
1057 4553 1415 4616 ‘eaniutheprintedtexls

483 4644 597 4707 supplied
609 4644 673 4692 from
684 4643 726 4691 the
738 4649 791 4689 text
810 4639 841 4687 os
859 4637 1004 4701 Hemiug·=
1055 4635 1121 4696 'pet
1141 4633 1300 4697 inperitiam
1315 4633 1343 4682 in
1363 4634 1407 4682 the
1424 4632 1521 4697 printed

483 4722 573 4785 auga,
589 4723 644 4771 us.
660 4721 731 4769 unt.
752 4725 808 4776 aas,
825 4718 867 4767 ue
884 4718 982 4781 punies
1000 4694 1004 4757 Ι
1023 4712 1442 4776 emotwnsngsmmaus.
1454 4714 1520 4763 aiu

483 4811 550 4850 texts
577 4801 607 4849 of
630 4798 814 4863 Walsinghsm,
842 4798 891 4846 and
924 4795 980 4844 MS·
1000 4786 1004 4828 l
1022 4791 1086 4855 Reg.
1102 4791 1222 4841 resin

482 4880 624 4942 BiblReg.
642 4878 761 4926 tasin
1001 4902 1004 4919 ι
1052 4871 1519 4937 ‘iadiqaieacomittedinffleprinted

514 4957 640 5022 ‘caplim
661 4956 688 5004 iu
712 4954 906 5019 Hemiugburgh
930 4953 981 5001 and
999 4948 1004 5043 ἰ
1023 4960 1090 5000 texts
1107 4951 1138 5000 os
1150 4951 1335 5016 Walsinglnm,
1364 4952 1438 5003 Harl.
1462 4958 1518 5013 655,

483 5038 553 5088 llari.
577 5042 643 5088 655:
662 5034 748 5098 ampla
767 5036 793 5083 in
817 5033 859 5081 the
878 5033 980 5096 printed
1001 5052 1003 5059 ·
1022 5032 1073 5080 sud
1085 5030 1223 5095 BiblReg.
1238 5031 1310 5081 tan
1322 5032 1360 5082 ix.
