3750 6250
680 1137 844 1189 maronis
865 1139 1070 1193 arenosus
1339 1136 1402 1199 265

288 1321 328 1375 ul.
355 1325 376 1351 ‘⁸
393 1341 464 1397 pore
482 1332 622 1397 gesserat,
642 1331 676 1382 ut
692 1327 855 1399 praelertur.
902 1328 971 1401 Ipse
995 1347 1074 1396 vero,
1101 1348 1221 1402 precum
1238 1339 1269 1389 et
1286 1335 1403 1391 manda·
1414 1350 1481 1408 ΑΒ,
1496 1362 1567 1413 1³41.

354 1410 375 1437 ‘⁸
392 1414 491 1466 torum
501 1417 666 1468 nostrorum
678 1411 797 1467 lenitate
818 1420 991 1485 contempta,
1004 1415 1089 1470 vultu
1101 1423 1132 1471 et
1142 1418 1239 1472 animo
1250 1418 1402 1490 indignato

354 1494 374 1520 ‘⁴
392 1495 550 1566 respondit,
578 1495 656 1567 quod
683 1513 715 1551 sa
738 1497 847 1552 nostris
873 1499 1075 1569 conspectibus
1102 1517 1155 1554 seu
1179 1500 1332 1572 colloquiis
1350 1521 1400 1559 ne·

352 1579 538 1651 “quaquam
556 1580 709 1644 conferret,
735 1580 792 1635 nisi
818 1580 850 1635 in
874 1582 959 1653 pleno
980 1582 1176 1639 Parliamento
1193 1592 1301 1651 nostro,
1323 1588 1400 1657 quod

351 1663 371 1690 ‘⁸
390 1663 421 1718 in
438 1664 497 1719 hiis
515 1665 627 1728 diebus,
648 1681 683 1719 ex
707 1664 803 1719 causis
826 1665 1058 1731 rationabilibus,
1090 1668 1257 1724 nullatenus
1282 1673 1400 1743 expedit

349 1749 370 1775 ‘⁸
388 1749 549 1804 convocari.
588 1749 694 1820 Sieque
712 1748 790 1802 idem
808 1747 1062 1821 Archiapiscopus,
1077 1769 1164 1822 quem
1175 1753 1284 1823 regalis
1296 1755 1397 1827 benig-

348 1835 369 1861 “
387 1833 464 1890 nitas
480 1834 628 1891 beneficiis
649 1841 680 1890 et
697 1834 855 1890 honoribus
876 1836 1039 1907 magnificis
1059 1837 1219 1908 ampliavit,
1240 1844 1271 1894 et
1287 1839 1319 1894 in
1336 1859 1398 1896 sua

347 1918 596 1975 “familiaritatis
620 1919 789 1983 sacrarium,
815 1926 846 1974 ct
863 1920 1085 1975 unanimitatem
1109 1922 1255 1987 amicitia,
1281 1929 1312 1979 et
1334 1926 1397 1980 vin·

347 2003 368 2029 '¹
387 2002 486 2058 aulum
504 2002 632 2068 foederis,
659 2003 822 2067 accersivit,
850 2020 938 2075 snper
965 2021 1061 2074 quem,
1082 2005 1160 2060 sicut
1176 2013 1289 2078 patrem
1307 2009 1396 2064 caris·

345 2088 367 2114 ‘⁶
387 2087 503 2152 mnium,
534 2094 633 2143 noster
662 2088 783 2157 spiritus
820 2093 850 2143 et
884 2088 999 2143 mamus
1037 2090 1193 2159 requievit,
1232 2092 1396 2163 quinetiam

344 2173 367 2200 ‘⁸
386 2170 456 2227 dum
481 2172 545 2245 ejus
576 2172 774 2227 voluntatibus
798 2189 851 2243 per
871 2172 968 2227 omnia
993 2172 1205 2244 adquievimus,
1231 2176 1396 2247 sophisticae
1458 2199 1465 2214 ·

304 2247 307 2254 ’
345 2256 549 2312 “dilectionis
581 2257 686 2312 faeiem
716 2257 783 2311 fuco
814 2257 963 2311 mendacis
993 2257 1201 2313 benevolentia
1234 2259 1392 2331 palliatam,

345 2342 366 2370 ‘⁶
384 2358 465 2397 more
489 2342 581 2413 patris
605 2340 749 2406 amabilis,
780 2341 864 2396 nobis
894 2341 1074 2412 praetendere
1105 2344 1264 2408 consuevit,
1297 2346 1394 2401 subito

345 2426 366 2452 ‘⁸
385 2424 416 2480 in
433 2425 571 2481 vitricum
589 2441 742 2479 onerosum
761 2429 791 2479 at
808 2423 985 2495 ¹gravamen
998 2425 1156 2481 crudeliter
1168 2432 1214 2482 est
1224 2443 1392 2497 conversus,

342 2510 365 2537 “
383 2505 454 2581 ²pro
472 2508 620 2564 beneflciis
641 2509 768 2579 acceptis
787 2508 931 2578 ingratus,
953 2510 1076 2564 tumoris
1100 2511 1267 2581 arrogantia
1286 2512 1394 2568 benefi-

343 2595 365 2623 “
383 2593 462 2649 oium
491 2593 686 2664 persequitur,
713 2598 743 2647 et
773 2592 855 2646 illam
871 2593 956 2647 nobis
985 2594 1208 2650 retributionem
1236 2594 1391 2663 ³reddidit,

342 2681 363 2707 ‘⁴
383 2696 479 2752 qum,
496 2679 582 2751 juxta
598 2678 720 2748 vulgare
738 2677 981 2748 proverbium,-‘
990 2678 1058 2734 Mus
1077 2680 1108 2733 in
1125 2697 1204 2751 pera,
1225 2698 1343 2753 serpens
1362 2683 1393 2738 in

342 2765 363 2791 “
384 2762 522 2835 ‘gremia
559 2762 638 2833 ignis
676 2762 708 2816 in
750 2760 837 2825 sinu:
869 2762 930 2815 suis
973 2769 1187 2819 consueverunt
1227 2765 1392 2836 hospitibus

341 2847 526 2902 “exhibere
563 2845 641 2901 Nam
659 2845 730 2900 licet
746 2845 829 2900 nobis
851 2845 889 2899 ad
904 2846 1004 2916 regale
1028 2846 1190 2917 fastigium,
1210 2848 1278 2920 jure
1300 2850 1392 2906 haere·

340 2933 361 2959 “
380 2930 495 2996 ditatio,
530 2929 630 2985 divina
666 2936 836 3001 cooperante
873 2930 978 2999 gratia,
1014 2930 1187 2995 sublimatis,
1219 2932 1390 2989 detestabile

339 3018 361 3043 “
380 3032 495 3088 semper
513 3015 552 3070 sit
570 3020 600 3070 et
617 3014 707 3068 fuerit
724 3014 807 3069 abuti
823 3014 960 3086 potentia
979 3013 1189 3084 magnitudine,
1204 3017 1255 3086 qui
1267 3019 1389 3073 summis

351 3102 360 3128 ⁸
379 3099 533 3156 desideriis
551 3098 719 3155 affectamus
738 3098 893 3154 clementia
914 3104 945 3153 et
963 3097 1083 3154 lenitate
1103 3116 1170 3154 aum
1193 3098 1389 3157 moderamina

339 3187 360 3213 ‘⁸
375 3184 500 3257 justitiae
517 3183 680 3255 gnbernare
702 3183 858 3255 subjectos,
880 3182 932 3237 ⁴ut
956 3188 1055 3253 optata
1077 3183 1250 3239 mortalibus
1274 3187 1388 3241 cunctis

339 3271 360 3296 ‘⁸
378 3286 449 3340 pace
466 3266 608 3339 ‘populus
621 3268 755 3333 fruatur3
784 3268 847 3338 ipse
865 3274 963 3321 tamen
981 3272 1110 3321 nostram
1127 3267 1330 3332 innocentiam,
1353 3289 1388 3326 ao

338 3355 359 3380 ‘⁴
378 3351 611 3408 consiliariorum
635 3357 665 3406 et
688 3351 855 3406 officialium
886 3357 1053 3405 nostrorum
1083 3351 1214 3421 regalem
1240 3352 1387 3423 justitiam

338 3438 359 3464 ‘⁸
377 3435 623 3508 prosequentium,
643 3434 815 3490 fidelitatem
836 3441 866 3490 et
895 3434 1079 3505 diligentiam
1109 3435 1243 3491 convitiis
1266 3435 1385 3502 lacerat,

337 3523 358 3549 ‘⁸
376 3519 494 3592 publice
516 3518 709 3591 predicando,
735 3523 766 3573 et
789 3518 851 3573 suis
880 3517 988 3572 litteris
1018 3519 1183 3589 patentibus
1207 3520 1239 3574 in
1262 3520 1386 3578 diversis

338 3607 359 3632 “
377 3604 510 3677 partibus
531 3602 680 3675 publicare
700 3603 872 3667 mandando,
893 3602 970 3673 quod
987 3608 1130 3673 potestate
1148 3605 1240 3674 regia,
1260 3603 1385 3662 ⁶nostris

337 3691 359 3717 '⁴
376 3688 566 3760 temporibus,
598 3693 698 3742 contra
731 3686 878 3757 justitiam
914 3687 1089 3757 opprimitur
1124 3688 1257 3758 populus,
1289 3689 1385 3746 clerus

338 3773 359 3799 ‘⁸
378 3770 573 3834 confunditur,
604 3787 730 3841 regnum
756 3770 847 3824 variis
881 3769 1081 3824 exactionibus
1112 3775 1161 3825 ⁷et
1190 3771 1282 3827 talliis
1311 3790 1385 3844 prae·

338 3857 359 3883 ‘⁶
378 3860 527 3926 gravatur.
588 3853 628 3909 Et
659 3855 729 3923 quia
751 3871 857 3908 nomen
885 3853 954 3908 boni
981 3855 1118 3925 pastoris,
1150 3873 1208 3925 quo
1243 3856 1383 3914 hactenus

338 3942 358 3967 ‘¹
377 3956 492 4011 semper
503 3938 606 4002 caruit,
618 3955 684 3992 eum
703 3938 743 3993 sit
762 3955 865 3992 revera
882 3937 968 4008 juxta
980 3955 1161 3993 communem
1178 3940 1341 4011 opinionem
1354 3952 1384 3999 et

337 4025 357 4053 ‘⁶
376 4006 586 4079 confessibnem
599 4023 758 4094 propriam,
781 4022 907 4094 publice,
929 4029 964 4076 ut
984 4022 1086 4088 fertur,
1105 4023 1250 4090 emissam,
1271 4028 1383 4082 notorie

335 4110 356 4136 ‘⁶
374 4108 580 4170 mercenarius,
612 4107 757 4161 fallaciter
792 4107 897 4161 nititnr
931 4124 1082 4177 usurpare,
1119 4107 1249 4163 fucatum
1286 4110 1381 4164 zelum

335 4193 355 4220 ‘¹
373 4191 502 4263 vulpinas
524 4190 693 4245 calliditatis
723 4191 789 4245 fuco
818 4191 993 4262 perizomate
1023 4190 1183 4260 palliatum,
1210 4192 1247 4246 ad
1276 4193 1381 4247 libera·

335 4275 484 4331 “tionem
512 4274 662 4339 Ecclesiae,
693 4274 778 4345 cnjus
808 4275 983 4337 vexationes,
1017 4275 1042 4329 si
1055 4293 1133 4344 quas
1164 4276 1195 4330 in
1221 4275 1308 4330 rebus
1332 4277 1380 4330 vol

334 4361 355 4388 ‘⁶
372 4359 505 4431 personis
533 4365 650 4417 nostro.
666 4364 797 4430 tempore
832 4358 981 4424 sustinuit,
1012 4358 1126 4429 praefati
1158 4358 1378 4430 Archiepiscopi

335 4443 514 4500 “duntaxat
535 4443 710 4507 remissioni,
737 4448 768 4498 et
793 4441 907 4497 callidis
932 4441 1184 4497 adinventionibus
1202 4448 1233 4497 et
1250 4444 1379 4515 reprobis

288 1456 319 1516 a.

337 4639 443 4646 ———
449 4639 550 4646 ῃ.-
556 4638 687 4645 --.—-—-
694 4638 942 4646 ...ι-*ψη*-

368 4760 468 4826 ’orara
480 4760 552 4810 Harl.
565 4764 621 4809 655.
875 4766 903 4806 ut
913 4757 941 4806 in
953 4756 1024 4808 llarl.
1037 4762 1093 4818 655,
1104 4758 1148 4809 the
1159 4759 1259 4823 printed
1270 4770 1338 4816 texts
1349 4766 1379 4817 of

366 4839 549 4904 ’ntaeflciia
561 4839 632 4890 Harl.
642 4844 699 4889 655.
875 4835 1235 4903 Wnlsingham,andRyn1er.

366 4918 450 4969 ‘This
473 4920 524 4970 sud
541 4917 585 4968 the
608 4916 741 4981 following
762 4917 833 4966 vord
908 4915 1161 4967 ‘OmittedinHarl
1175 4924 1231 4970 655.

333 5011 376 5048 are
386 4998 491 5049 omitted
500 4998 529 5047 in
541 4997 614 5048 Harl.
627 5001 683 5047 655.
908 4998 918 5025 ⁶
929 4992 1054 5054 moderna,
1067 4995 1139 5063 Harl.
1151 5002 1208 5047 655.

366 5075 831 5141 ἀἱηῐῑιοΜὸἃοΐΗεωίηεδιιῐςὶη
908 5072 1037 5126 'maeotis
1047 5083 1078 5138 et,
1090 5075 1161 5129 Harl
1173 5082 1230 5130 655.
