3750 6250
715 1099 1103 1152 nrsronraauanrcnnn
1375 1089 1437 1162 173

286 1294 375 1412 gorne,
387 1286 529 1342 remansit
546 1286 601 1341 sub
618 1287 711 1342 tutela
728 1286 946 1344 Cantuariensis
957 1287 1188 1360 Archiepiscopi,
1208 1287 1335 1358 gratiam
1346 1286 1438 1358 Regis
1449 1290 1518 1344 AJ).
1535 1298 1607 1344 1324.

303 1370 363 1417 -8³.
404 1415 410 1424 ,
544 1412 550 1423 ,

286 1430 353 1482 ΒῙΜ·
387 1376 622 1526 οἷοῖῃιξροτο,
648 1455 810 1527 Episcopus
835 1455 1056 1520 Lincoluiensis,
1079 1455 1164 1526 cnjus
1188 1455 1362 1526 temporalia
1385 1463 1606 1530 perTheBishop

289 1502 326 1615 ‘¹³
385 1537 536 1593 biennium
553 1539 584 1593 in
602 1556 690 1592 manu
709 1538 816 1609 ¹Regis
834 1539 952 1594 detenta
972 1539 1097 1605 fucrant,
1117 1539 1222 1610 adepta
1240 1539 1334 1609 Regis
1350 1530 1594 1594 bone-⁰f1151100ln

385 1622 521 1687 volentia,
536 1624 598 1678 suis
611 1629 656 1677 est
666 1624 899 1694 possessionibus
911 1625 1075 1679 restitutus.
1113 1623 1159 1680 Do
1177 1624 1284 1696 quibus
1302 1624 1438 1680 omnibus
1449 1599 1597 1727 {zm

386 1706 507 1776 quidam
526 1707 678 1778 Satyricus
690 1707 771 1762 illius
784 1708 925 1779 temporis
938 1709 981 1766 ita
993 1708 1171 1764 dictavit:-
1450 1729 1526 1783 aiom,

499 1839 501 1845 ·
547 1810 566 1835 ‘⁸
578 1807 682 1863 Nostri
694 1809 808 1863 cornuti
821 1815 891 1864 sunt
907 1809 1029 1864 consilio
1043 1810 1126 1882 quasi
1144 1809 1230 1874 muti,

547 1893 566 1919 “
579 1892 618 1947 Et
635 1891 706 1962 quia
722 1909 779 1948 non
797 1893 865 1956 tuti,
884 1900 1034 1964 nequeunt
1051 1893 1234 1948 sermonibus
1246 1892 1301 1948 nti.

547 1979 567 2003 ‘¹
582 1977 657 2031 Sunt
672 1977 755 2048 qnasi
773 1977 897 2041 confusi,
917 1977 1035 2032 decreto
1052 1978 1128 2048 legis
1147 1977 1240 2032 abusi.

547 2060 629 2115 “Sic
647 2062 724 2131 perit
741 2060 884 2126 Ecclesia,
900 2060 979 2133 juris
998 2068 1028 2116 et
1046 2062 1111 2132 ipsa
1126 2060 1207 2116 via.’'

421 2157 457 2212 In
487 2158 588 2213 eodem
624 2158 829 2222 Parliamento,
857 2165 954 2224 terrae,
992 2160 1197 2231 possessiones,
1235 2166 1266 2215 et
1301 2158 1590 2224 domininationem

386 2241 531 2312 qnondam
549 2242 790 2313 Templariorum,
805 2260 926 2298 usscusu
939 2244 1084 2298 communi
1097 2245 1187 2299 totins
1201 2244 1271 2299 cleri
1285 2251 1315 2299 et
1325 2243 1435 2314 populi,
1448 2213 1511 2307 'effi'
1517 2215 1587 2308 ‘rw'

385 2325 593 2398 Hospitalariis
622 2325 828 2392 conceduntur,
862 2327 930 2398 juro
961 2335 1101 2399 perpetuo
1136 2345 1188 2398 per
1224 2345 1323 2382 omnes
1352 2276 1583 2418 regniffing‘gssss

384 2410 548 2480 provincias
566 2407 767 2480 ²possidends.
1449 2415 1535 2483 tattera.

419 2493 454 2546 In
473 2492 574 2546 eodem
587 2492 783 2546 Parliamento
795 2492 881 2548 electi
894 2498 963 2548 sunt
974 2493 1031 2548 viri
1044 2493 1165 2559 nobiles,
1182 2493 1287 2549 Comes
1299 2493 1438 2549 videlicet
1449 2491 1553 2558 Envoys

383 2577 505 2641 Cantiae,
537 2594 692 2647 gemnanus
717 2576 819 2647 Regis,
849 2582 878 2631 et
897 2576 1144 2649 Archiepiscopns
1169 2578 1368 2644 Dubliuensis,
1400 2561 1595 2676 adffittzs‘h‘

383 2660 578 2715 excusandum
589 2676 678 2730 penes
690 2659 803 2728 Regem
816 2659 948 2714 Francius
960 2660 1073 2731 Regem
1085 2669 1227 2728 nostrum,
1242 2664 1313 2734 qnia
1329 2663 1436 2717 citatus
1448 2642 1553 2744 Fmffoe·

382 2762 440 2798 non
460 2744 622 2816 comparuit
646 2759 743 2798 coram
770 2743 853 2812 Rege
879 2744 1021 2809 Franoioe,
1051 2753 1085 2800 nt
1109 2748 1244 2818 superius
1262 2748 1435 2802 memoravi.

384 2827 439 2896 Qui
453 2845 520 2883 eum
532 2828 778 2890 transfretassent,
789 2827 895 2897 aRege
904 2827 1035 2882 Francius
1047 2828 1204 2886 honorifice
1217 2839 1286 2886 sunt
1298 2831 1435 2903 arescepti.

383 2911 449 2966 Non
486 2919 583 2966 tamen
613 2911 747 2965 effectum
776 2911 887 2980 negotii
917 2917 1076 2982 potuerunt
1105 2917 1255 2987 consequi,
1281 2914 1372 2970 donec
1402 2915 1438 2968 de

384 2995 509 3066 qrradam
532 2995 758 3064 trangressione,
784 3011 876 3065 nuper
901 2995 979 3049 facta
998 2995 1028 3049 in
1052 2995 1234 3067 Aquitannia
1255 2999 1285 3052 in
1311 2999 1437 3053 dedecus

384 3080 475 3151 Regis
495 3079 634 3144 Francire,
649 3079 704 3133 sibi
718 3080 793 3134 soret
804 3077 919 3149 plenius
929 3079 1121 3135 satisfactum.
1159 3082 1323 3154 Acceperat
1333 3099 1437 3153 nempe

385 3164 447 3218 Rex
483 3164 613 3218 Francia
650 3162 805 3234 quamdam
835 3168 922 3217 terroe
952 3163 1127 3234 particulam
1163 3165 1272 3220 ibidem
1302 3183 1353 3237 per
1389 3184 1436 3219 cx-

384 3247 539 3310 cambium,
565 3248 595 3301 in
625 3265 684 3317 qua
707 3246 900 3316 municipium
926 3253 1134 3311 construxerat,
1163 3255 1282 3319 propter
1317 3249 1436 3303 amoeni-

383 3336 473 3386 tutem
485 3330 551 3395 loci,
566 3336 596 3385 et
606 3329 708 3384 sillam
726 3331 757 3383 iu
773 3330 898 3384 circuitu
911 3347 978 3384 curn
991 3328 1122 3384 aedificiis
1136 3333 1330 3402 sumptuosis3
1351 3332 1436 3401 cujus

383 3414 569 3479 habitatores,
591 3414 679 3468 erecti
699 3414 729 3466 in
754 3413 930 3483 superbiam,
950 3413 1018 3469 freti
1038 3412 1165 3469 dominio
1183 3415 1275 3486 Regis
1293 3415 1435 3480 Francius,

385 3516 440 3553 nen
465 3498 559 3553 solum
583 3496 665 3567 leges
696 3504 727 3551 et
762 3496 879 3551 decreta
908 3497 1010 3569 pepuli
1033 3496 1233 3569 Aquitanniei,
1266 3500 1318 3554 sed
1347 3500 1436 3554 ctiam

385 3582 584 3637 Senescallum
620 3581 712 3651 Regis
742 3580 869 3650 Anglim,
901 3580 1013 3635 dictum
1045 3585 1063 3609 ‘⁸
1083 3582 1271 3654 Radulphum
1300 3583 1436 3648 Bassct,’'

385 3671 565 3737 spreverunt,
586 3671 616 3720 ct
633 3664 891 3734 contemptibiliter
908 3664 1134 3735 vilipenderunt.
1172 3667 1295 3722 Etcum
1320 3667 1436 3738 legibus

384 3750 553 3806 debuissent
569 3749 701 3820 paruisse
719 3747 800 3802 illius
819 3754 905 3802 terrm
923 3750 1135 3814 communibus,
1156 3750 1233 3805 idem
1252 3752 1434 3822 Radulphns,

384 3834 504 3889 collecto
529 3834 667 3896 exercitu,
694 3832 777 3886 venit
796 3830 834 3885 ad
858 3831 965 3896 locum,
993 3838 1023 3887 ct
1043 3850 1142 3888 omnes
1167 3840 1219 3889 aut
1241 3835 1360 3899 ’sertia
1386 3844 1437 3890 aut

384 3918 482 3987 gladio
500 3918 655 3979 interfecit,
669 3915 848 3971 etunircrsa
865 3914 989 3969 aedificia
1006 3917 1210 3987 complanavit.
1242 3917 1434 3986 Quamobrem

384 4002 479 4057 dictus
505 4001 686 4072 Radulphus,
714 4006 834 4054 vocatus
862 3999 899 4053 ed
925 3999 1045 4054 Curiam
1064 4001 1155 4071 Regis
1173 4001 1315 4068 Francius,
1335 4004 1436 4057 venire

383 4088 572 4157 contempsit,
601 4085 653 4139 sed
677 4101 729 4155 pro
753 4083 887 4137 omnibns
905 4083 1041 4153 allegatis
1059 4086 1210 4155 respondit
1233 4086 1380 4150 audacter,
1404 4103 1436 4140 se

383 4170 456 4224 nihil
475 4170 556 4225 alind
573 4170 604 4223 in
622 4170 676 4223 hac
694 4176 776 4239 parte
795 4168 908 4232 fecisse,
929 4186 1017 4237 (luam
1036 4168 1115 4238 quod
1133 4171 1178 4223 sui
1198 4170 1285 4226 officii
1303 4171 1435 4224 debitum

383 4254 526 4323 exigebat.
565 4253 659 4323 Super
683 4270 740 4324 quo
767 4268 905 4322 responso
929 4253 1065 4307 commoti
1092 4253 1206 4317 Franci,
1235 4253 1434 4308 Senescallum

382 4339 536 4407 prefatum
555 4337 646 4407 Regis
659 4336 785 4406 Anglim‚
800 4353 867 4390 cnm
885 4335 947 4389 suis
966 4345 1101 4390 vocatum
1119 4337 1309 4407 complicibus
1328 4337 1433 4392 iterate

383 4427 414 4476 et
425 4440 480 4475 non
493 4426 716 4492 comparentem,
730 4419 972 4491 proscripsersurt.
1011 4420 1155 4475 Proefatus
1167 4438 1237 4474 vero
1249 4420 1431 4491 Radulpbus,

383 4507 500 4575 cognito
518 4506 695 4560 Francorum
723 4505 848 4567 decreto,
876 4503 914 4557 ad
940 4509 1068 4558 castrum
1093 4503 1129 4557 dc
1152 4504 1338 4574 Monpcsade,
1360 4505 1435 4560 beno

383 4590 537 4653 munitum,
558 4606 590 4644 so
608 4587 740 4652 contulit,
754 4588 804 4642 ubi
823 4587 918 4657 potuit
935 4605 954 4641 a
971 4586 1150 4642 Francorum
1168 4587 1334 4644 incursibus
1351 4595 1433 4646 tutus

382 4688 456 4728 csse.
494 4673 582 4728 Hunc
600 4689 671 4743 ergo
689 4689 707 4726 a
723 4670 870 4742 praedictis
888 4671 1002 4725 nunciis
1023 4671 1109 4741 petiit
1132 4671 1195 4726 Rex
1218 4671 1350 4729 Francius
1377 4673 1434 4730 sibi

415 4942 547 4995 'Omitted
557 4942 584 4991 in
596 4941 640 4992 the
651 4940 750 5005 printed
761 4946 833 4991 texta
967 4937 1108 5004 ’iesuperu
1118 4940 1425 4996 coartatit-Blaneforde.

417 5022 586 5088 ’possidendoe
598 5022 624 5070 in
637 5020 702 5085 orig.
