3750 6250
721 1109 886 1161 maroam
908 1111 1112 1163 uranicam
1380 1100 1442 1163 161

305 1295 379 1390 bh
392 1293 428 1349 de
449 1292 518 1365 jure
542 1295 589 1349 vel
613 1297 821 1353 consuetudine
853 1297 970 1352 exulare
1003 1315 1060 1353 non
1088 1297 1194 1352 debent
1216 1303 1283 1351 ante
1307 1300 1610 1367 responsaA.D.1321.

304 1369 307 1383 '
391 1377 461 1432 data
480 1396 533 1449 per
557 1380 682 1435 eosdem.
719 1381 838 1453 Adjeeit
856 1390 1006 1453 praeterea,
1028 1381 1105 1452 quod
1126 1399 1226 1436 eorum
1247 1381 1349 1452 petitio
1366 1381 1443 1452 juris

305 1457 379 1520 lm,
391 1468 422 1517 et
444 1463 566 1518 rationis
591 1464 777 1520 fundamento
804 1466 928 1529 carebat,
955 1484 990 1520 ee
1013 1466 1137 1520 maxime
1162 1464 1240 1535 quod
1257 1465 1328 1519 dieti
1352 1465 1444 1536 Hngo

304 1589 348 1640 „bl
392 1546 489 1600 senior
512 1554 543 1602 et
566 1547 656 1618 Hugo
676 1550 776 1619 junior
800 1551 894 1620 parati
919 1566 1033 1620 semper
1057 1549 1173 1604 inerant
1195 1549 1329 1603 omnibus
1350 1549 1386 1603 de
1411 1566 1443 1604 so

304 1627 357 1708 ω’
391 1631 644 1701 eonquaerentibus
676 1633 706 1686 in
738 1634 831 1687 forma
859 1633 937 1703 juris
970 1631 1154 1702 respondere,
1188 1637 1218 1686 at
1248 1631 1274 1686 si
1308 1631 1443 1703 ¹probari

392 1719 490 1784 posset
520 1731 569 1770 ees
601 1716 631 1769 in
661 1716 759 1787 alique
792 1723 901 1771 statuta
933 1722 1019 1772 terrae
1050 1715 1170 1779 lasieso,
1203 1715 1297 1785 parati
1328 1733 1443 1788 semper

304 1814 339 1858 bt
390 1797 507 1853 inerant
543 1799 657 1869 legibus
692 1801 775 1871 regni
812 1818 923 1872 parere.
974 1801 1133 1864 Postremo,
1171 1816 1237 1853 oum
1275 1798 1442 1871 juramento

304 1864 376 1909 *Μ*
389 1881 511 1946 addidit,
538 1883 616 1954 qued
640 1883 735 1941 noluit
762 1891 974 1940 sacramentum
997 1885 1117 1948 violare,
1143 1882 1180 1937 ad
1204 1882 1281 1953 quod
1304 1884 1441 1939 astrictus

305 1965 486 2032 invaluerat
507 1966 537 2021 in
558 1985 612 2022 sua
635 1969 827 2034 coronatione,
850 1968 1033 2024 coneedendo
1056 1968 1169 2023 litteras
1193 1967 1273 2037 paois
1293 1974 1323 2022 et
1346 1967 1440 2022 indul·

304 2102 346 2153 m
390 2049 499 2120 gantiae
522 2058 583 2105 tom
601 2052 713 2107 notorie
734 2053 979 2124 delinquentibus,
1005 2053 1035 2107 in
1060 2068 1120 2107 snae
1144 2067 1275 2122 personae
1295 2057 1441 2123 contemp·

310 2118 355 2220 ἑ·
390 2141 463 2197 tam,
498 2140 528 2189 et
558 2136 647 2191 tetius
683 2136 767 2206 regni
803 2137 1060 2208 perturbationem,
1093 2141 1124 2191 et
1154 2134 1315 2206 majestatis
1351 2136 1442 2206 regiae

305 2210 306 2217 '
390 2215 547 2272 laesionem.

422 2300 492 2356 Hiis
517 2302 634 2368 auditis,
667 2322 801 2375 proceres
834 2306 891 2360 aeti
922 2306 953 2359 in
984 2305 1091 2359 furiam
1122 2304 1275 2358 confestim
1299 2302 1337 2357 ad
1360 2319 1442 2357 arma
1454 2300 1510 2352 'Ille

385 2385 558 2455 prosiliunt,
584 2394 614 2443 et
631 2388 740 2443 milites
764 2387 902 2459 ²quidem
921 2405 1008 2459 snper
1027 2393 1204 2442 armaturam
1222 2394 1338 2442 cotueas
1356 2385 1439 2440 indu-
1453 2368 1563 2449 ΒΜ,

384 2475 479 2532 erunt,
501 2477 616 2526 vocatas
638 2472 868 2543 “quomi‘loya,·”
894 2473 1034 2543 armigeri
1055 2489 1125 2526 vero
1144 2471 1314 2526 indumenta
1331 2469 1439 2525 bendas
1452 2449 1590 2553 ΖΞΞΞἭ

384 2551 564 2608 habuerunt:
598 2555 704 2625 quibus
738 2555 915 2611 indumentis
939 2562 1042 2627 expost
1070 2555 1175 2620 induti,
1201 2556 1288 2611 tracti
1315 2561 1383 2610 sunt
1410 2540 1598 2620 etextor’tcer.

383 2638 518 2708 suspensi
534 2639 655 2710 plurimi
674 2639 710 2694 de
730 2657 882 2711 procerum
907 2640 1053 2695 comitiva.
1092 2639 1167 2694 (lum
1191 2640 1268 2694 fastu
1294 2639 1386 2710 igitur
1410 2632 1577 2714 ottaiatoor·

381 2736 488 2791 pompa
520 2723 614 2776 nimia
647 2723 775 2778 Berones
807 2723 972 2778 Londoniaa
1002 2723 1146 2787 adierunt,
1178 2723 1376 2793 hospitatiqne
1408 2715 1561 2776 ἰιι0688101111

381 2803 522 2859 suburbio
546 2806 683 2870 civitatis,
709 2808 865 2862 manebant
892 2807 1013 2878 pacifice
1038 2806 1126 2861 donee
1151 2805 1299 2860 licentiam
1323 2805 1438 2876 ingredi
1450 2767 1571 2898 ffifhe

380 2887 531 2943 civitatem
562 2890 776 2946 obtinuissent:
810 2891 927 2946 obtento
961 2909 979 2944 a
1011 2890 1093 2960 Rege
1129 2890 1257 2944 civitatis
1291 2890 1435 2960 ingressu,

381 2977 542 3041 magnetes,
578 2974 655 3029 sient
682 2976 774 3046 prius,
800 2975 831 3028 in
854 2975 994 3044 petitione
1019 2991 1072 3027 sua
1099 2973 1214 3028 sortiter
1237 2974 1436 3043 perstiterunt.

304 3075 328 3120 ,1,
381 3051 509 3109 Tandem
541 3056 750 3113 interveniente
782 3058 904 3129 Regina,
938 3064 969 3112 et
998 3056 1127 3129 praefatis
1157 3056 1309 3127 Episcopis
1338 3055 1436 3110 lauda·

305 3128 368 3172 Μ
381 3136 481 3194 biliter
504 3141 709 3205 mediantibus,
735 3143 798 3196 Rex
822 3143 959 3196 inductus
983 3147 1037 3203 est,
1057 3146 1175 3211 propter
1199 3156 1299 3193 werrae
1323 3141 1436 3210 pericn-

304 3228 373 3291 lore,
386 3220 448 3275 lum
485 3224 661 3289 evitandum,
695 3225 732 3280 ad
762 3224 1048 3281 condescendendum
1083 3224 1159 3278 vetis
1190 3229 1220 3277 et
1250 3223 1437 3293 petitionibus

306 3361 341 3411 m
386 3324 541 3377 procerum
573 3309 788 3379 praedictorum.
826 3308 987 3378 Edictoque
1020 3326 1107 3378 snper
1130 3307 1188 3361 hiis
1211 3323 1264 3378 per
1295 3305 1438 3361 Comitem

305 3392 349 3477 ’δ’
386 3389 570 3445 Heresordias
601 3393 631 3446 in
653 3391 732 3446 Aula
754 3392 1005 3448 westmonasterii
1035 3390 1190 3463 publicato,
1221 3390 1312 3461 lingo
1342 3391 1438 3445 senior

386 3474 417 3529 in
440 3475 561 3531 exilium
594 3483 676 3532 actus
708 3484 761 3531 ost.
812 3477 869 3531 Sed
902 3476 993 3548 Huge
1019 3476 1120 3546 junior
1150 3476 1180 3529 in
1211 3474 1335 3530 diversis
1366 3475 1437 3530 loeis

386 3556 513 3623 latitans,
538 3560 567 3614 in
586 3559 696 3631 Anglia
710 3567 741 3615 et
756 3560 786 3613 in
806 3560 879 3614 mari
899 3561 1067 3631 permansit.
1103 3559 1171 3614 Hiis
1185 3559 1285 3629 itaque
1299 3560 1434 3630 peractis.

385 3640 524 3707 Berones,
556 3644 680 3699 obtentis
704 3662 722 3698 a
746 3644 827 3714 Rege
859 3644 965 3699 litteris
994 3640 1076 3714 ³[de]
1108 3643 1281 3713 impunitate
1311 3649 1342 3697 et
1364 3660 1435 3714 pace

383 3724 486 3798 Bagis,
511 3727 549 3782 ad
572 3728 690 3799 propria
713 3728 872 3792 redierunt,
898 3745 952 3782 neo
977 3727 1085 3781 hilares
1110 3726 1146 3781 de
1171 3726 1249 3780 diota
1272 3744 1344 3797 paee
1369 3744 1435 3781 oon-

381 3828 472 3875 eessa.
499 3819 587 3884 prout
616 3812 815 3882 praemittitur,
846 3828 899 3866 nee
928 3811 1034 3874 securi,
1068 3810 1138 3880 quia
1169 3808 1206 3863 de
1233 3810 1325 3879 Regis
1349 3809 1435 3864 bene-

382 3895 510 3951 volentia
538 3896 750 3967 desperabant3
783 3902 813 3951 et
837 3896 902 3949 ideo
925 3895 1030 3949 armati
1061 3910 1175 3965 semper
1199 3893 1379 3958 incedebant,
1406 3899 1436 3948 et

380 3978 445 4035 loca
463 3986 528 4035 tnta
545 3981 721 4052 quaerebant.

415 4063 535 4119 Interea
559 4083 644 4120 casus
671 4063 777 4119 accidit
797 4063 908 4118 eisdem
934 4061 1130 4133 magnatibus,
1153 4059 1257 4131 plenus
1277 4059 1434 4114 infortunio
1447 4054 1599 4132 fl'heQueen

380 4154 409 4202 et
428 4149 617 4218 generatirus
636 4148 776 4202 molestias
797 4145 1010 4216 subsequentis.
1048 4143 1175 4199 Isabella
1186 4161 1289 4214 nempe
1309 4143 1430 4212 Regina,
1446 4136 1468 4170 ¹⁸
1478 4126 1578 4205 “Q

381 4248 445 4301 quas
474 4232 572 4286 nutrix
593 4232 673 4303 paeis
695 4238 725 4286 et
745 4230 906 4286 eoncordia
926 4246 1041 4299 semper
1060 4228 1157 4282 suerat
1176 4227 1253 4281 inter
1272 4226 1384 4293 Regem
1403 4233 1433 4279 et
1445 4191 1583 4308 {dffiffin

382 4314 519 4380 Barones,
532 4317 755 4387 peregrinatura
774 4332 876 4371 versus
896 4313 1093 4375 cantuariam,
1117 4312 1147 4366 in
1168 4317 1263 4366 castro
1282 4311 1318 4364 de
1338 4309 1431 4364 Ledes
1444 4321 1537 4385 cuae,
1548 4325 1576 4374 i„

382 4396 522 4471 hospitari
554 4410 584 4455 et
613 4406 783 4473 pernoctare
811 4398 965 4469 disposuit.
1024 4395 1107 4464 Quod
1134 4401 1262 4449 castrum
1288 4393 1430 4447 Dominus
1444 4388 1519 4442 Kent.

382 4480 611 4539 Bartholomaeus
645 4484 680 4538 de
704 4483 893 4546 Botlesmere,
920 4478 1017 4552 ³[qui]
1043 4479 1095 4535 din
1125 4477 1307 4534 Senesoallus
1339 4477 1429 4548 Regis

384 4564 485 4631 inerat,
500 4585 517 4622 a
531 4565 613 4638 Rege
630 4569 660 4622 in
679 4566 859 4622 excambium
878 4582 930 4637 pro
949 4563 1123 4633 quibusdam
1141 4562 1228 4616 terris
1241 4560 1317 4625 aliis,
1332 4561 1387 4615 sibi
1401 4569 1431 4617 et

384 4650 441 4705 suis
454 4650 628 4716 haeredibus,
644 4651 866 4721 impetraveram
886 4650 916 4703 in
930 4666 987 4718 quo
1000 4664 1083 4701 suam
1095 4645 1259 4715 conjugem,
1280 4662 1346 4699 cum
1364 4662 1429 4717 par·

415 4893 537 4959 'podera
552 4902 652 4960 posunt
673 4894 700 4943 in
719 4894 763 4945 the
785 4892 885 4957 printed
926 4890 1019 4957 quidem
1031 4888 1057 4938 in
1068 4888 1125 4940 MS.
1137 4888 1205 4939 Bibl.
1217 4888 1281 4953 Reg.
1295 4893 1325 4939 1³
1337 4889 1367 4939 E.
1376 4888 1413 4940 ix.

386 4974 454 5025 bru.
960 4973 970 5001 ³
982 4969 1095 5020 Inserted
1106 4969 1172 5018 irem
1189 4968 1232 5019 the
1248 4968 1348 5033 printed
1363 4975 1430 5017 texta

416 5053 532 5117 'quiden
562 5053 589 5104 in
612 5052 655 5105 the
676 5052 776 5118 printed
797 5058 885 5110 texts;
928 5048 1327 5114 anema.nit1.neg.1an.in

1274 5144 1295 5191 L
