3750 6250
668 1089 834 1143 maroam
856 1089 1064 1141 montosus.
1344 1074 1386 1140 81

336 1279 403 1337 dam
421 1281 516 1338 edidit
539 1280 576 1337 de
601 1280 707 1337 finibus
734 1283 766 1336 et
792 1276 1014 1333 liberationibus
1044 1292 1203 1343 carcerum,
1227 1291 1292 1347 qua
1319 1275 1555 1332 suntA.D.1aoo.

336 1366 421 1421 utilia
437 1366 523 1423 valde
541 1383 642 1437 regno.

280 1449 312 1501 bl
369 1450 480 1506 Rodm
514 1469 597 1515 anno,
626 1449 703 1522 apud
733 1449 925 1504 Brothortone
958 1449 1044 1501 natus
1070 1448 1116 1500 est
1139 1444 1217 1517 Regi
1244 1445 1323 1501 filius
1349 1461 1385 1500 ex
1398 1450 1514 1503 Birthol

280 1521 289 1564 ⁸
334 1534 502 1605 Margareta
532 1535 662 1606 Regium
691 1552 765 1605 quae,
801 1551 868 1588 cum
893 1530 1060 1603 parturiret,
1092 1528 1199 1585 afflicta
1234 1517 1554 1642 doloribus'1¹3¹ot1131e2r20‘31e

335 1618 459 1673 Beatum
477 1619 627 1682 Thomam,
649 1617 888 1674 cantuariensem
911 1613 1173 1685 Archiepiscopum
1198 1619 1285 1683 atquo
1303 1584 1417 1668 Mar-B

334 1708 439 1774 tyrann
471 1720 524 1775 pro
554 1702 738 1758 alleviatione
762 1707 869 1756 tanctae
902 1713 995 1771 prauae
1029 1697 1201 1768 suppliciter
1225 1697 1382 1752 invocavit.

334 1785 460 1857 Moxque
485 1787 571 1842 morti
595 1787 727 1858 proxima
750 1802 803 1857 pro
831 1790 931 1856 partus
949 1779 1128 1846 difficultate,
1149 1779 1302 1835 videbatur
1327 1778 1384 1833 sibi

336 1868 413 1942 quod
430 1871 509 1926 vires
526 1872 701 1943 resumpsit;
721 1875 752 1924 ot
768 1869 882 1941 peperit
899 1868 1002 1934 filium,
1025 1868 1076 1940 qui
1095 1867 1125 1921 in
1143 1866 1282 1920 honorem
1300 1863 1385 1919 Beati

336 1954 453 2009 'l'bomae
474 1958 492 1982 ‘⁴
506 1955 657 2011 'l'homas''
677 1960 723 2010 est
747 1953 927 2025 appellatus;
948 1954 999 2023 qui
1018 1969 1093 2028 mox,
1115 1955 1149 2005 ut
1166 1949 1258 2020 coepit
1274 1946 1385 2020 ¹papil-

336 2036 378 2094 las
414 2057 521 2109 sugere
558 2040 692 2095 mulieris
732 2038 932 2109 Francigemu,
973 2038 1110 2093 horrente
1150 2033 1307 2096 stomacho,
1339 2032 1385 2088 loo

336 2123 484 2188 evomuit3
505 2123 594 2179 donec
608 2123 734 2179 adducta
745 2120 870 2177 ²fuisset
881 2121 989 2177 mulier
997 2120 1133 2191 Anglica,
1155 2117 1192 2172 de
1213 2134 1271 2189 qua
1290 2116 1385 2171 delec-

335 2204 465 2261 tabiliter
481 2204 754 2276 ¹[resocillabatur],
774 2212 913 2277 tanquam
939 2206 990 2276 qui
1015 2201 1189 2260 natiualiter
1206 2200 1386 2257 discerneret

336 2287 379 2345 lac
396 2290 569 2361 alienigenae
588 2290 644 2345 sibi
663 2290 725 2345 fore
742 2289 863 2344 minime
879 2288 1022 2345 naturale.

368 2372 435 2429 Hoc
453 2391 528 2429 anno
540 2375 602 2429 Rex
621 2374 738 2445 Anglioe
753 2374 900 2446 profectus
917 2380 963 2429 est
980 2374 1011 2428 in
1030 2372 1158 2430 Scotiam
1170 2388 1238 2426 cum
1256 2368 1385 2424 exercitu
1397 2361 1521 2451 husae·

336 2458 459 2529 copioso,
474 2464 505 2514 et
522 2460 600 2529 cepit
618 2459 755 2513 Castrum
773 2457 810 2512 de
822 2457 1005 2512 Lowmaban.
1044 2456 1158 2513 Deinde
1176 2456 1327 2525 ingressus
1340 2456 1387 2511 est
1397 2443 1463 2488 ”⁰¹²⁸
1474 2454 1502 2489 ¹¹¹

336 2539 523 2607 Galwideam,
545 2543 595 2597 ubi
621 2543 746 2612 majores
773 2542 925 2597 Scotorum
951 2543 1099 2614 petierunt
1116 2559 1134 2596 a
1151 2539 1243 2611 Rege,
1264 2546 1297 2594 ut
1319 2556 1385 2610 per·
1398 2504 1526 2558 smum&

336 2626 465 2681 mitteret
483 2626 646 2681 ,Iohannem
664 2626 700 2682 de
720 2625 845 2680 Balliolo
872 2627 990 2700 pacifice
1018 2642 1143 2697 regnare
1169 2642 1258 2696 super
1277 2641 1335 2687 eos,
1356 2629 1388 2680 et

336 2715 368 2763 ut
394 2709 505 2764 sineret
529 2717 680 2780 magnates
698 2709 753 2763 ⁴de
778 2709 877 2765 Scotia
902 2710 1046 2765 redimere
1072 2716 1166 2765 terras
1192 2726 1270 2773 suas,
1297 2707 1383 2764 datas

335 2790 459 2847 diversis
473 2795 604 2864 personis
616 2783 742 2863 Angliae,
756 2791 792 2846 de
810 2793 870 2847 illis
889 2793 995 2863 quibus
1014 2792 1089 2848 datae
1107 2798 1176 2848 suut
1187 2810 1239 2864 per
1252 2791 1382 2862 Regem;

336 2883 498 2931 asserentes
529 2876 606 2947 quod
635 2877 765 2947 alioquin
795 2893 826 2930 se
857 2875 1054 2940 defenderent,
1081 2875 1221 2948 quamdiu
1253 2881 1381 2948 possent.

338 2957 394 3013 Sed
407 2959 470 3013 Rex
487 2960 519 3013 iu
536 2959 616 3014 nullo
628 2959 745 3013 illorum
758 2959 946 3030 petitionibus
959 2959 1171 3015 condescendit.
1209 2960 1246 3014 Iu
1257 2960 1384 3014 crastino

336 3059 404 3096 vero
423 3042 486 3096 Rex
511 3044 657 3115 profectus
676 3051 722 3098 est
739 3061 832 3115 usquo
857 3043 1004 3113 Swynam,
1025 3044 1075 3098 ubi
1093 3061 1207 3098 moram
1225 3044 1315 3099 traxit
1331 3060 1384 3113 per

334 3133 398 3195 *octo
416 3127 490 3182 dies.
527 3128 575 3182 Ad
593 3146 679 3199 quem
699 3128 794 3183 locum
818 3137 1016 3184 convenerunt
1042 3129 1121 3185 Scoti
1147 3127 1382 3193 innumerabiles,

336 3228 400 3266 cum
427 3212 489 3266 suis
515 3211 647 3275 ducibus,
668 3220 701 3267 ut
726 3213 839 3282 Regem
864 3220 894 3268 ct
918 3213 983 3284 ejus
1013 3215 1173 3269 exercitum
1202 3214 1382 3268 infestarent.

337 3295 396 3351 Rex
416 3303 522 3369 autem,
543 3314 609 3351 cum
636 3296 695 3350 filio
723 3315 775 3350 suo
801 3298 920 3367 suisque
947 3298 1126 3370 proceribus,
1149 3297 1243 3352 Scotis
1268 3295 1383 3351 obviam

336 3387 380 3434 est
404 3380 569 3450 prosectus;
590 3380 641 3451 qui
669 3397 735 3434 mox
759 3381 924 3435 meticulosi
944 3388 974 3436 et
991 3381 1096 3446 timidi,
1110 3380 1193 3436 velut
1210 3379 1332 3451 lepores,
1346 3378 1384 3433 ad

336 3463 423 3517 colles
449 3469 480 3517 et
504 3480 623 3519 nemora
647 3464 849 3534 confugerunt.
905 3465 1082 3537 Fuissetque
1108 3464 1171 3520 dies
1202 3464 1258 3519 iste
1286 3464 1383 3519 Sectis

336 3547 470 3610 exitialis,
503 3548 528 3602 si
553 3547 688 3619 Anglicis
705 3548 822 3603 Wallici
841 3567 898 3604 non
915 3549 1095 3616 defuissent;
1116 3550 1222 3620 quibus
1251 3549 1383 3604 innatum

336 3637 388 3695 est,
407 3638 443 3685 ut
467 3631 592 3686 inermes
618 3632 681 3687 loca
704 3631 845 3703 paludosa
869 3640 1077 3704 pertranseant,
1097 3640 1128 3689 et
1150 3633 1239 3689 colles
1266 3633 1384 3704 agiliter

337 3721 477 3787 occupent
494 3725 524 3770 et
541 3716 705 3772 ascendant.
760 3716 874 3789 Nempe
892 3718 1020 3789 Anglici‚
1040 3724 1110 3774 tunc
1128 3736 1229 3773 eorum
1252 3724 1383 3774 carentes

337 3798 452 3864 auxilio,
485 3817 551 3854 cum
580 3800 637 3871 ipsi
667 3801 755 3856 nimis
786 3802 947 3873 ponderose
981 3803 1105 3860 luissent
1134 3803 1248 3869 murati,
1282 3802 1383 3860 Scotos

336 3881 450 3955 insequi
468 3900 526 3937 nou
542 3884 684 3940 valebant.

368 3967 427 4022 Per
453 3967 531 4021 idam
556 3975 681 4040 tempus,
711 3969 791 4025 Scoti
815 3977 1022 4042 cognoscentes
1049 3976 1087 4006 ⁵“
1101 3973 1201 4028 Romae
1220 3971 1317 4028 omnia
1333 3989 1382 4027 ve·
1395 3992 1465 4058 1²0pe

338 4052 356 4077 ⁸⁴
373 4051 483 4116 nalia,’'
496 4051 578 4106 donis
597 4052 754 4109 Dominum
766 4054 876 4126 Papam
892 4056 1048 4112 uberrimis
1060 4058 1236 4120 ditavemmt,
1250 4062 1380 4128 petentes
1395 4059 1519 4139 horim

337 4134 371 4189 ob
396 4154 431 4191 eo
459 4137 613 4192 consilium
638 4139 748 4209 pariter
774 4145 804 4194 et
821 4141 963 4196 auxilium
983 4148 1083 4198 contra
1107 4142 1255 4197 dominum
1283 4158 1378 4204 suum,
1395 4130 1535 4178 mimda

337 4216 447 4292 Regem
473 4221 600 4289 Angliae.
650 4222 762 4290 Quibus
789 4222 870 4294 Papa
896 4227 1032 4295 promisit
1049 4227 1080 4281 in
1097 4227 1180 4282 bravi
1207 4224 1378 4287 remedium,
1395 4194 1530 4311 0ἳέξωί

337 4304 575 4375 contemplatione
601 4304 794 4370 donariorum,
819 4307 925 4377 jubens
951 4315 985 4364 ut
1011 4310 1145 4364 celeriter
1172 4310 1234 4365 sine
1253 4307 1380 4362 tumultu
1395 4276 1480 4378 geme

338 4389 535 4459 repatriarent.
591 4388 689 4457 Igitur
706 4389 796 4460 Papa,
826 4393 1025 4462 promissionis
1051 4413 1112 4449 suae
1136 4412 1194 4450 nou
1218 4393 1379 4456 immemor,

338 4467 413 4526 illico
441 4471 548 4526 direxit
571 4473 715 4543 quendum
733 4473 930 4531 Lumbardum
958 4478 994 4533 ad
1019 4478 1279 4549 Arohiepiscopum
1306 4474 1381 4532 Oan-

339 4557 446 4620 tuarioe,
472 4556 579 4626 jubens
597 4563 631 4610 ut
648 4575 708 4611 suaa
726 4557 881 4627 legationis
905 4561 983 4616 vices
1002 4568 1103 4632 ageret
1119 4562 1151 4616 in
1168 4561 1223 4617 hac
1241 4566 1333 4633 parte,
1352 4565 1383 4626 et

370 4842 376 4870 ¹
392 4839 510 4888 mamillae
521 4840 548 4888 in
560 4840 602 4889 the
613 4840 712 4905 printed
724 4848 798 4891 texts.
887 4846 916 4890 13
929 4843 958 4892 ll.
971 4843 1006 4893 ix.

368 4922 378 4949 ²
394 4928 428 4967 rat
440 4920 466 4967 in
478 4921 521 4969 thc
533 4919 632 4982 printed
643 4929 716 4970 terta.
918 4922 927 4950 ⁴
946 4920 1034 4972 Scotioe
1045 4922 1071 4971 in
1083 4923 1126 4973 the
1136 4924 1235 4988 printed
1243 4932 1316 4979 texta.

369 4997 514 5062 'Supplied
531 4998 594 5048 stom
612 4999 669 5049 tls.
685 4999 752 5048 Bibl.
770 4999 833 5064 Reg.
919 5002 928 5030 ⁸
945 5000 971 5048 A
984 5002 1089 5064 proverb
1100 5003 1130 5052 os
1137 5004 1250 5055 classica!
1261 5007 1341 5058 times.

1227 5100 1249 5149 l?
