3750 6250
658 1111 821 1163 nrsroem
835 1112 1044 1163 incursurus
1338 1102 1378 1164 41

216 1316 314 1367 unge.
334 1295 539 1369 “recipiendo
563 1295 655 1352 libere
688 1299 839 1368 priel'atam
870 1297 1025 1353 Dominam
1057 1297 1264 1369 Margaretam,
1292 1298 1383 1354 filiam
1394 1317 1464 1370 M),
1478 1324 1549 1372 12⁹2.

216 1367 299 1419 ml
333 1384 353 1408 ‘⁴
371 1388 510 1446 nostram,
541 1382 573 1436 in
603 1381 757 1437 Dominam
786 1388 817 1437 et
845 1382 989 1454 Reginam
1018 1382 1103 1453 regni
1134 1382 1249 1447 Scotiae,
1276 1400 1329 1438 nec
1356 1384 1384 1438 ei

216 1440 273 1552 ζου
333 1468 353 1493 “
372 1464 531 1522 obediendo
550 1466 580 1520 in
599 1464 706 1536 aliquo.
753 1466 793 1521 Et
816 1466 853 1520 ad
877 1465 1034 1538 petendum
1060 1466 1294 1538 supplementum
1321 1484 1384 1539 sep-

332 1552 353 1577 “
372 1549 569 1621 tingentarum
598 1568 772 1614 marcarum,
816 1569 888 1621 quas
927 1550 1033 1604 habero
1069 1549 1208 1606 debemus
1244 1568 1262 1605 a
1292 1568 1384 1623 regno

333 1636 353 1661 ‘¹
374 1634 488 1698 Scotiae,
503 1634 652 1689 occasione
670 1634 746 1689 dotis
765 1633 897 1689 Dominae
914 1633 1100 1704 Margaretae,
1115 1633 1185 1689 olim
1196 1634 1265 1689 filiae
1277 1642 1383 1690 nostrus

334 1721 354 1746 '⁸
372 1725 404 1774 et
423 1719 523 1773 uxoris
548 1718 641 1788 Regis
663 1718 769 1774 Scotiae
794 1717 944 1790 praedicti3
965 1736 1032 1773 cum
1059 1719 1172 1774 fructus
1202 1723 1232 1773 et
1251 1719 1383 1775 redditus

332 1805 354 1829 ⁴⁶
372 1808 518 1857 terrarum
535 1802 618 1857 nobis
631 1801 790 1873 ¹assignati
808 1819 861 1873 pro
879 1803 1071 1873 septingentis
1089 1804 1196 1859 marcis
1214 1806 1326 1869 annuis,
1347 1804 1385 1859 ad

335 1889 354 1912 ‘⁸
374 1888 599 1957 quingentarum
617 1904 781 1940 marcarum
800 1903 945 1940 summam
962 1903 1019 1939 non
1037 1886 1201 1941 ascendant.
1240 1888 1326 1953 Item,
1346 1887 1384 1942 ad

335 1973 354 1997 ‘⁴
373 1969 567 2041 agendumst
589 1970 811 2036 defendendum,
836 1969 1010 2025 lucrandum
1029 1977 1059 2026 et
1077 1971 1266 2042 perdendum,
1287 1990 1384 2027 coram

335 2057 354 2082 “
372 2055 494 2126 praefato
505 2054 651 2125 Principe,
672 2055 796 2109 Domino
814 2053 967 2119 Eduardo,
988 2054 1070 2125 Rege
1087 2054 1214 2126 Angliae,
1234 2058 1384 2128 superiore

335 2141 354 2165 ‘⁴
373 2138 490 2194 domino
500 2140 585 2209 regni
596 2140 710 2204 Scotiae,
721 2138 819 2194 debita
828 2138 1086 2210 quomodocunque
1094 2146 1124 2195 ct
1133 2140 1382 2212 qualitercunque,

335 2226 353 2248 ¹⁴
372 2229 404 2277 ot
432 2240 468 2277 ex
498 2240 669 2293 quacunque
699 2239 787 2277 causa
809 2222 857 2275 vel
882 2222 988 2285 causis,
1016 2222 1099 2276 nobis
1118 2222 1286 2288 debeantur,
1313 2230 1345 2279 et
1367 2242 1386 2279 a

335 2306 593 2377 “quibuscunque
614 2306 754 2377 personis,
781 2305 853 2370 loco,
878 2305 927 2360 vel
945 2306 1144 2371 universitate,
1165 2313 1196 2361 et
1213 2324 1384 2378 quocunqne

334 2392 352 2416 '⁴
370 2391 486 2446 nomine
504 2390 557 2445 illa
578 2390 648 2460 jura
673 2395 860 2454 censeautnr;
888 2395 918 2443 et
942 2387 980 2442 ad
1005 2389 1102 2443 omnia
1128 2389 1187 2443 alia
1212 2396 1243 2445 et
1269 2391 1386 2462 singula

333 2476 351 2499 “
370 2473 510 2538 faciende,
530 2491 595 2544 quia
613 2474 675 2528 veri
694 2479 725 2528 et
742 2472 868 2543 legitimi
892 2472 1029 2528 attornati
1048 2489 1100 2527 sen
1117 2482 1327 2544 procuratores,
1354 2480 1385 2529 et

334 2559 351 2583 ‘¹
361 2558 479 2627 nuncii,
493 2557 588 2612 facere
600 2563 718 2627 possent
731 2557 763 2611 in
779 2556 949 2628 praemissis,
970 2562 1000 2610 et
1018 2556 1142 2626 quilibet
1155 2559 1381 2628 praemissorum,

334 2643 352 2667 “
371 2642 396 2696 si
414 2640 584 2697 mandatum
602 2641 689 2696 etiam
707 2641 858 2711 exegerint
875 2640 1010 2711 speciale,
1031 2646 1061 2695 et
1079 2658 1144 2711 quoe
1162 2648 1276 2697 nosmet
1288 2643 1383 2699 facere

334 2728 352 2751 “
370 2742 532 2797 possemus,
546 2725 571 2779 si
584 2732 742 2796 praesentes
754 2741 901 2789 essemus;
920 2724 1123 2795 promittentes
1137 2724 1190 2779 sub
1200 2723 1211 2755 ²
1221 2725 1384 2797 hypotheca

334 2810 352 2834 ‘⁸
371 2816 402 2864 et
418 2807 594 2880 obligatione
613 2809 742 2863 omnium
761 2808 902 2862 bonorum
926 2814 1101 2873 nostrorum,
1130 2814 1247 2880 pactum
1264 2810 1382 2865 firmum

334 2895 352 2919 ‘⁴
371 2900 401 2948 et
417 2900 535 2964 gratum
561 2893 668 2947 habere
686 2898 716 2947 et
732 2897 831 2947 tenere
852 2898 1002 2963 perpetuo,
1035 2898 1065 2946 et
1098 2910 1156 2946 non
1184 2895 1383 2949 contravenire

335 2979 352 3003 '⁶
371 2976 469 3048 aliquo
488 2977 607 3048 ingenio
624 2976 672 3032 vel
690 2975 784 3040 modo,
810 2975 951 3046 quicquid
974 2992 1027 3046 per
1050 2975 1204 3045 praedictos
1224 2983 1382 3033 attornatos

335 3063 352 3087 “
371 3078 423 3115 seu
448 3066 649 3132 procuratores
674 3066 798 3126 nostros,
829 3058 878 3113 vol
905 3058 979 3113 dnos
1004 3058 1107 3114 saltem
1135 3077 1170 3114 ex
1199 3062 1252 3127 eis,
1284 3068 1382 3116 actum

335 3150 352 3173 ‘¹
370 3146 418 3201 vel
454 3153 640 3217 procuratum
676 3146 766 3200 fuerit
794 3146 825 3200 in
854 3145 1024 3216 praemissis,
1061 3144 1110 3198 vel
1140 3145 1270 3215 quolibet
1309 3164 1383 3218 prae-

335 3233 352 3258 ‘⁶
371 3231 536 3286 missorum.
574 3229 651 3285 Data
667 3229 864 3300 Tonsborgiae‚
884 3246 959 3283 anno
976 3228 1104 3293 Domini,
1124 3235 1191 3294 etc,
1205 3247 1278 3284 anno
1296 3231 1380 3302 regni

335 3316 353 3339 ‘⁴
370 3316 463 3370 nostri
483 3313 691 3369 tertiodecimo.
747 3313 783 3367 In
801 3313 884 3384 cujus
902 3313 947 3367 rei
967 3312 1175 3378 testimonium,
1196 3313 1248 3369 has
1268 3314 1381 3370 litteras

336 3399 354 3423 “
372 3397 436 3453 fleri
449 3398 583 3463 lecimus,
603 3405 633 3452 ct
644 3397 737 3452 nostri
750 3397 843 3467 sigilli
855 3395 1015 3451 munimine
1027 3395 1187 3451 roborari.”

498 3589 596 3673 Quod
618 3588 692 3658 dies
714 3588 817 3657 dotus
839 3595 884 3656 eet
906 3587 993 3675 Repe*
1014 3587 1215 3674 Norerupioe.

368 3730 555 3806 Requisitnm
580 3737 639 3792 suit
658 3735 694 3791 de
719 3735 830 3791 eisdem
853 3735 1016 3799 attomatis,
1043 3734 1115 3805 quid
1141 3735 1235 3791 voluit
1265 3736 1380 3802 addere,
1394 3750 1482 3818 Assy

335 3818 473 3882 minuere,
487 3819 535 3873 vel
546 3825 669 3885 mutare,
684 3824 714 3874 ct
726 3819 804 3890 quod
815 3819 846 3873 in
858 3820 997 3890 petitione
1010 3836 1064 3873 sua
1075 3818 1170 3874 danda
1181 3817 1382 3877 declararent?
1394 3818 1470 3883 given
1482 3827 1509 3870 to

335 3899 390 3970 Qui
419 3901 529 3966 dicunt,
556 3903 634 3974 quod
656 3903 759 3959 nolunt
782 3902 939 3968 declarare,
966 3908 1121 3973 antequam
1145 3903 1301 3960 habuerint
1324 3885 1540 3964 col-‘¹¹¹³⁰¹¹'⁰.yn

335 3984 465 4057 loquium
490 4005 557 4042 enm
581 3988 659 4043 dicto
683 3987 808 4043 Domino
832 3986 914 4057 Rege
938 3985 1064 4057 Angliie,
1092 3989 1235 4058 superiori
1266 3952 1549 4084 dominoglssgfflyss

335 4072 417 4141 regni
444 4070 566 4137 Scotiae3
592 4090 646 4127 nec
664 4071 777 4142 aliquid
795 4070 876 4125 aliud
896 4087 1056 4142 proponere
1074 4070 1122 4125 vel
1140 4072 1236 4126 dicere
1255 4091 1289 4128 ea
1306 4074 1380 4129 vice.

335 4152 372 4209 Et
388 4155 452 4210 haec
470 4155 624 4225 requisitio
643 4157 700 4211 fuit
724 4156 811 4219 facta,
838 4155 908 4224 quia
929 4154 1002 4209 alias
1023 4155 1053 4208 in
1073 4156 1213 4226 petitione
1233 4175 1294 4222 sna,
1318 4174 1382 4227 qnae

334 4255 430 4292 coram
455 4239 529 4309 ipsis
553 4239 610 4294 snit
633 4239 741 4294 ibidem
766 4239 851 4304 lecta,
877 4239 1040 4293 reservarit
1063 4239 1119 4293 sibi
1143 4239 1315 4295 beneficium
1334 4240 1383 4295 ad-

335 4320 429 4386 dendi,
455 4322 613 4384 minuendi,
641 4329 671 4378 et
694 4321 843 4387 mutandi3
868 4328 955 4393 prout
978 4322 1093 4392 plenius
1112 4340 1146 4377 ex
1165 4330 1264 4378 tenore
1289 4325 1382 4395 ipsius

335 4405 481 4475 petitionis
499 4412 629 4477 apparet.
667 4406 706 4460 Et
729 4405 815 4461 datus
834 4412 880 4460 est
897 4406 939 4460 eis
958 4404 1021 4461 dies
1040 4424 1133 4476 usque
1152 4406 1189 4460 ad
1207 4407 1285 4462 diem
1303 4407 1382 4464 Mer·

335 4490 407 4544 curii
425 4490 590 4561 proximum
608 4497 787 4561 sequentem,
808 4489 846 4544 ad
870 4489 1048 4544 audiendum
1066 4490 1246 4546 voluntatem
1263 4491 1383 4550 Domini

335 4571 436 4644 Regis.

368 4657 483 4721 Postea,
509 4655 556 4713 die
587 4657 726 4713 Mercurii
757 4657 887 4729 proximo
912 4661 980 4728 post
1005 4657 1112 4712 festum
1140 4658 1224 4716 Beati
1250 4658 1381 4725 Martini,

336 4749 477 4797 venerunt
500 4742 633 4814 praedicti
658 4743 796 4798 attornati
819 4741 911 4812 Regis
935 4741 1102 4813 Norwegim
1131 4761 1228 4799 coram
1254 4744 1384 4801 Consilio

983 4897 1148 4905 ————
1160 4900 1381 4912 --—-——.—..

370 5011 510 5081 'anieron'
526 5013 556 5064 in
575 5012 646 5082 orig,
663 5012 783 5080 mequod
800 5009 828 5061 iu
915 5025 1032 5092 2ὄφοιεοα
1043 5025 1070 5076 in
1082 5026 1144 5095 orig.

340 5091 381 5143 the
390 5094 491 5160 printed
502 5101 577 5146 texts.
