3750 6250
713 1094 875 1178 61666611
889 1094 1096 1147 strumosus.
1368 1085 1429 1148 281

298 1300 353 1352 ffl
382 1281 474 1337 ercitu
497 1280 648 1354 populoso,
669 1286 703 1337 61
719 1281 821 1338 villam
846 1283 882 1339 de
905 1284 1049 1355 Bc'rewyk
1074 1283 1201 1357 eriperet
1223 1284 1260 1341 de
1280 1284 1433 1341 Scotorum
1445 1277 1514 1328 AD·
1529 1282 1601 1329 1356.

299 1373 323 1418 ,3
382 1367 515 1422 manibus
535 1366 721 1438 perfidorum.
757 1368 857 1439 Igitur
880 1367 993 1425 decimo
1017 1358 1590 1440 16611611616666611,Ι1666ΤῙῚΘΒΟΟ11

383 1450 526 1506 Eduardo
555 1451 587 1506 in
616 1456 712 1506 castro
741 1451 778 1506 de
808 1452 951 1524 Berewylr
982 1453 1132 1519 existente,
1159 1460 1189 1510 et
1213 1455 1341 1510 exercitu
1371 1426 1585 1542 ejusffissgff

383 1552 473 1606 prope
508 1534 618 1600 villam,
657 1534 746 1598 Scoti,
785 1536 902 1592 sibimet
936 1542 1109 1602 metuentes,
1148 1539 1210 1593 sino
1247 1538 1352 1593 damno
1387 1537 1435 1593 vel

383 1618 552 1674 difficultate
574 1618 676 1674 villam
706 1619 783 1691 Regi
813 1620 1019 1687 reddiderunt3
1045 1622 1096 1677 sed
1126 1628 1223 1677 tumen
1253 1623 1371 1693 quidam
1400 1639 1435 1676 ex

299 1719 335 1762 bl.
383 1701 501 1774 Anglis,
526 1703 643 1758 interim
672 1703 833 1768 deviantes,
859 1706 1044 1777 captivantur
1074 1724 1093 1761 a
1122 1706 1227 1762 Scotis.
1272 1706 1435 1761 Confestim

298 1768 372 1873 ἐξ·
384 1793 493 1858 postea,
529 1787 669 1843 vicesimo
706 1788 807 1858 quinto
843 1788 890 1843 die
926 1788 1070 1854 Januurii,
1109 1789 1187 1861 apud
1222 1789 1435 1860 Rokesburghe
1448 1804 1532 1857 Baliol

317 1918 356 1963 m
385 1870 527 1926 Dominus
546 1870 707 1926 Edwardus
728 1872 851 1944 Bayllol,
877 1872 941 1927 Rex
961 1873 1075 1937 Scotiae,
1101 1891 1225 1944 regnum
1249 1880 1279 1929 et
1301 1891 1436 1929 coronam
1447 1873 1566 1923 1666661666

298 1932 331 2021 ii.
385 1952 517 2025 ejusdem
539 1955 690 2011 transtulit
712 1955 744 2010 in
766 1956 943 2011 Edwardum
962 1956 1075 2027 Regem
1098 1957 1224 2028 Angliae,
1244 1956 1349 2012 litteris
1375 1956 1435 2012 suis
1448 1940 1583 1991 mecm

385 2038 551 2110 patentibus
574 2046 605 2095 et
628 2040 802 2095 authenticis
820 2040 1046 2095 indeconfectis.
1374 2085 1380 2094 .
1448 2006 1602 2123 ggffffli

298 2144 330 2188 u,
421 2122 532 2177 Eodem
561 2141 644 2188 anno,
680 2123 823 2179 Dominus
853 2124 1024 2189 Edwardus,
1056 2125 1268 2196 primogenitus
1299 2124 1434 2180 Edwardi

298 2194 373 2239 Μ·
386 2206 477 2278 Regis
494 2207 621 2279 Angliae,
641 2208 782 2281 Princeps
799 2209 924 2274 Walliae,
945 2210 1071 2264 existens
1083 2209 1114 2263 in
1125 2208 1288 2274 Wasconia,
1308 2210 1435 2264 consulit
1447 2203 1579 2280 3111οῗ18111

298 2257 348 2300 ³⁰9·
385 2291 618 2363 Burdogalenses
636 2298 667 2347 et
683 2310 817 2364 proceres
835 2293 915 2348 illius
942 2293 1043 2364 patrias
1068 2293 1104 2346 de
1125 2292 1322 2363 aggrediendo
1343 2311 1434 2365 regno
1446 2269 1594 2387 {1352

385 2375 526 2441 Franciae,
546 2376 671 2447 aliisque
689 2377 776 2431 terris
794 2377 850 2431 sibi
869 2378 997 2432 nondum
1015 2376 1189 2447 subjugatis.
1228 2376 1320 2449 Oujus
1332 2396 1434 2449 propo-
1447 2403 1555 2454 prm

386 2459 475 2514 situm
493 2459 597 2515 (lomes
616 2461 652 2515 de
670 2459 828 2525 Armenak,
848 2460 958 2516 domini
984 2462 1030 2516 sui
1048 2461 1188 2533 proditor,
1208 2461 1285 2532 Regi
1303 2462 1435 2516 Franciae

386 2542 465 2597 illico
488 2544 646 2607 nunciavit,
665 2548 695 2598 et
705 2561 769 2613 quae
781 2544 859 2598 mala
869 2562 960 2615 regno
972 2544 1104 2599 Franciae
1116 2545 1314 2601 imminebant.
1353 2544 1436 2614 Quod

383 2627 528 2681 ueraciter
545 2643 705 2697 agnoscens
725 2626 873 2682 Johannes
892 2627 955 2682 Rex
974 2628 1116 2693 Francius,
1146 2629 1246 2683 statim
1260 2629 1353 2699 jussit
1370 2648 1436 2702 pro·

386 2710 478 2765 sterni
504 2727 604 2764 omnes
629 2716 731 2782 pontes
759 2728 847 2782 super
872 2711 995 2765 fluvium
1022 2711 1125 2783 Leyre,
1149 2730 1221 2783 quos
1239 2719 1354 2768 veteres
1379 2733 1437 2769 non

298 2808 338 2854 uu
386 2794 449 2848 sine
482 2793 612 2863 ¹magnis
648 2794 780 2865 expensis
815 2800 1010 2849 extruxerant.
1073 2795 1213 2867 Princeps
1253 2803 1352 2852 autem
1379 2798 1437 2852 111-

298 2858 375 2963 ‘ff‘
386 2876 498 2932 666166
524 2877 588 2931 haeo
614 2876 744 2942 audiens,
783 2878 913 2932 exercitu
943 2884 1128 2948 congregato,
1163 2886 1244 2935 sexto
1283 2881 1331 2936 die
1362 2881 1436 2936 Julii

298 3010 363 3053 Μ
387 2961 476 3031 ooepit
493 2959 529 3014 de
557 2959 743 3030 Burdegalea
767 2960 922 3032 proficisci,
942 2962 1087 3016 transiens
1113 2979 1165 3032 per
1183 2963 1291 3033 patrias
1310 2964 1346 3018 do
1364 2963 1437 3034 Agi-

298 3063 374 3115 μω,
386 3060 480 3107 neres,
508 3043 648 3114 Peregor,
680 3043 838 3115 Lymosyn,
859 3044 963 3114 Berry,
1001 3050 1031 3099 et
1060 3044 1096 3098 de
1127 3045 1273 3116 Saloigne.
1311 3046 1349 3100 In
1378 3066 1436 3118 quo

386 3129 512 3184 transitu
538 3128 638 3200 plures
663 3129 750 3184 villas
776 3129 832 3183 sibi
856 3129 981 3183 rebelles
1010 3130 1146 3193 incendit,
1176 3134 1206 3184 et
1231 3131 1339 3202 plures,
1368 3149 1436 3186 cum

387 3213 490 3267 castris
520 3218 551 3268 et
580 3212 791 3267 munitionibus
828 3213 884 3267 sibi
914 3213 1053 3276 redditas,
1086 3213 1212 3268 obtinuit
1241 3215 1296 3270 sub
1314 3214 1432 3270 tributo.

386 3295 554 3351 Itinerando
578 3314 703 3367 quoque,
730 3297 881 3352 hominum
898 3295 1066 3351 2armorum
1084 3297 1150 3368 plus
1169 3315 1257 3368 quam
1276 3315 1325 3352 sex
1343 3298 1436 3353 millio

298 3425 301 3434 .
387 3379 554 3451 captivavit.
592 3379 629 3433 In
649 3379 745 3450 patria
762 3397 832 3434 vero
850 3379 886 3434 de
906 3379 1053 3450 Saloigne,
1073 3387 1158 3451 capta
1174 3381 1247 3435 villa
1273 3380 1435 3437 16116666-

298 3423 501 3535 11116666166,
521 3469 650 3518 castrum
667 3463 800 3535 ejusdem
827 3481 877 3519 sex
895 3463 997 3519 diebus
1016 3463 1138 3518 obsedit.
1175 3463 1231 3519 oui
1250 3465 1361 3520 obsessi
1379 3485 1436 3521 non

298 3538 349 3579 ⁰⁰¹³·
386 3547 516 3602 valentes
534 3547 681 3611 resistere,
701 3552 831 3602 castrum
848 3546 1057 3612 reddiderunt;
1084 3547 1135 3601 ubi
1153 3548 1231 3619 capti
1251 3555 1320 3604 sunt
1342 3548 1434 3619 ι[1)6-

387 3629 495 3697 minus]
516 3631 552 3685 de
571 3629 669 3684 Croun
687 3637 718 3685 et
734 3630 942 3701 Bursegaund,
956 3631 1066 3701 aliique
1083 3630 1202 3696 milites,
1222 3639 1253 3687 et
1268 3633 1436 3688 ⁴armorum

386 3713 517 3768 homines
544 3715 701 3785 octoginta.
739 3714 852 3768 Deinde
882 3732 1055 3786 progressus
1085 3722 1131 3771 est
1159 3734 1212 3787 per
1236 3718 1379 3788 Toreigne
1406 3725 1437 3774 et

388 3797 511 3868 Peytou,
532 3803 562 3852 61
590 3797 641 3861 ibi,
667 3815 757 3869 prope
782 3798 931 3870 Chareny,
958 3816 1093 3870 proceres
1112 3800 1167 3864 sui,
1188 3802 1435 3873 septimodecimo

386 3881 435 3936 die
448 3880 637 3952 Septembris,
651 3882 818 3936 conflictum
835 3900 903 3937 cum
915 3882 1036 3938 Gallicis
1048 3884 1194 3950 babuere;
1213 3886 1245 3940 in
1263 3904 1320 3957 quo
1336 3888 1435 3959 plures

387 3982 475 4035 quum
504 3973 622 4019 centum
651 3965 784 4020 homines
811 3966 977 4021 ‘armorum
1007 3967 1137 4022 cecidere
1167 3972 1321 4043 perempti.
1377 3971 1435 4027 Sed

386 4049 484 4112 etiam,
505 4048 634 4104 Comites
652 4048 688 4104 de
706 4049 824 4105 Aunser
841 4057 872 4105 et
898 4050 934 4105 de
954 4051 1062 4123 Synny,
1088 4071 1121 4108 uc
1141 4052 1325 4111 Senescallus
1343 4055 1434 4127 Regis

386 4132 527 4198 Franciae,
547 4151 614 4188 cum
632 4139 749 4188 centum
767 4133 934 4189 hominibus
953 4153 1111 4202 armorum,
1131 4139 1209 4208 capti
1228 4145 1297 4194 sunt
1314 4139 1432 4194 ibidem.

455 4312 506 4381 De
531 4315 622 4382 Bello
645 4315 687 4382 (16
710 4316 872 4403 Pcyteres,
897 4323 926 4383 61
954 4316 1108 4385 Victoria
1130 4319 1351 4386 miraculoso.

423 4455 534 4511 Eodem
554 4475 638 4524 anno,
652 4458 852 4514 nonodecimo
870 4458 917 4513 die
931 4459 1121 4533 Septembris,
1142 4463 1226 4532 quasi
1244 4462 1274 4516 in
1292 4462 1348 4517 fine
1366 4464 1433 4518 unni

388 4539 530 4596 adventus
560 4542 607 4596 sui
636 4542 668 4597 in
696 4543 889 4607 Wasconiam,
921 4544 1050 4599 occurrit
1079 4545 1156 4616 Regi
1186 4545 1316 4600 Franeiae
1349 4547 1434 4618 juxta

425 4809 530 4875 1666666
554 4807 582 4858 16
602 4808 686 4875 orig.;
711 4811 746 4876 by
768 4811 885 4863 1661666·
936 4810 979 4860 the
998 4809 1095 4874 printed
1118 4816 1184 4862 texts
1214 4813 1265 4863 aud
1290 4812 1346 4866 MS.
1366 4814 1433 4866 Bibl.

388 4895 471 4940 16666.
937 4890 1000 4953 Reg.
1015 4894 1045 4939 13
1057 4889 1087 4940 R.
1098 4888 1136 4942 ix.

422 4970 588 5016 ’armatorum
600 4966 626 5015 in
639 4966 681 5017 the
692 4966 790 5032 printed
801 4976 875 5020 texts.
971 4969 1081 5017 ⁴crmcti
1092 4967 1118 5017 iu
1129 4968 1172 5019 the
1183 4970 1282 5035 printed
1293 4979 1367 5026 texts

423 5045 684 5113 ¹Omittedinorig.;
702 5046 888 5114 suppliedfrom
972 5048 1119 5101 1661661116
1129 5049 1172 5101 the
1182 5050 1282 5116 printed
1293 5058 1367 5107 texts.
