3750 6250
679 1122 846 1174 mereunt
863 1122 1071 1177 uneucaun
1356 1114 1401 1187 97

281 1327 327 1378 ger.
349 1307 369 1333 “
388 1306 510 1364 dubium
540 1309 709 1381 quoesticnis
738 1309 871 1374 deducat,
900 1326 954 1365 nec
985 1309 1022 1364 ad
1050 1313 1178 1365 vestram
1213 1311 1397 1382 praesentiam
1453 1313 1523 1367 AJ).

280 1379 317 1433 Ν
348 1391 368 1417 “
387 1398 588 1462 procuratores
607 1401 659 1450 aut
675 1394 796 1449 nuncios
814 1394 924 1449 adhoc
942 1393 1056 1459 mittat;
1075 1395 1221 1466 praecipue
1239 1413 1306 1451 cum
1323 1413 1396 1466 proe-
1413 1385 1564 1444 1300,1802.

280 1452 289 1497 ¹
348 1476 368 1502 ‘¹
386 1475 478 1532 missa
497 1477 635 1534 cederent
658 1479 813 1534 manifeste
841 1478 872 1533 in
897 1477 1158 1533 exhaeredationem
1182 1480 1259 1550 juris
1285 1496 1398 1535 ecronae

347 1560 367 1587 ‘⁴
385 1562 472 1631 regni
498 1563 616 1635 Angliae
643 1570 673 1618 et
696 1564 787 1634 regim
815 1562 977 1634 dignitatis,
999 1579 1033 1617 eo
1059 1562 1277 1619 subversionem
1304 1570 1397 1620 status

346 1644 367 1671 ‘⁴
386 1643 517 1715 ejusdem
542 1648 628 1719 regni
654 1648 805 1711 notoriam,
828 1664 939 1702 necnon
964 1646 995 1701 in
1020 1646 1224 1718 praejudicium
1241 1647 1396 1715 libertatis,

346 1728 366 1755 ‘⁸
385 1731 638 1795 consuetudinum,
659 1738 690 1787 et
714 1732 815 1803 legum
838 1736 1042 1804 paternarum,
1057 1731 1094 1785 ed
1120 1749 1244 1802 quarum
1262 1731 1397 1788 observe-

346 1813 366 1839 ‘⁸
385 1812 493 1871 tionem
511 1822 541 1871 et
559 1817 754 1871 defensionem
774 1833 809 1872 ex
827 1815 925 1871 debito
942 1815 1067 1887 praestiti
1081 1815 1241 1886 juramenti
1259 1818 1396 1889 astringi·

346 1897 367 1924 ‘⁴
385 1914 460 1963 mur,
492 1907 522 1956 et
552 1918 617 1972 quae
642 1899 894 1955 manutenebimus
919 1905 981 1955 toto
1006 1916 1100 1970 posse,
1128 1905 1158 1953 et
1184 1899 1253 1955 totis
1283 1902 1396 1957 viribus

347 1981 367 2008 “
386 1998 452 2037 cum
471 1982 526 2038 Dei
545 1985 653 2039 auxilio
671 1983 869 2039 defendemus,
918 1982 983 2038 Nec
1009 1982 1097 2038 etiam
1118 1983 1325 2054 permittimus,
1346 1993 1397 2041 aut

346 2064 551 2137 “aliqualiter
577 2069 788 2139 permittemus,
819 2068 896 2122 sicut
919 2084 977 2122 non
1001 2084 1156 2139 possumus
1173 2085 1227 2123 nec
1246 2067 1394 2135 debemus,

346 2149 536 2220 “premissa
562 2158 623 2206 tum
648 2152 775 2216 insolitu,
804 2151 943 2216 indebita,
971 2150 1193 2222 praejudicialis,
1214 2150 1333 2206 stelias
1352 2153 1395 2207 in·

345 2233 365 2259 ‘¹
384 2232 491 2298 auditu,
505 2234 690 2306 praelibetum
706 2234 856 2290 dominum
871 2239 1004 2289 nostrum
1016 2234 1138 2305 Regem,
1153 2235 1278 2289 etiamsi
1294 2235 1393 2299 vellet,

345 2317 365 2342 “
383 2314 479 2372 lacere
492 2335 543 2374 seu
560 2319 645 2374 modo
664 2318 795 2388 quolibet
807 2324 959 2373 attentare.
998 2316 1149 2387 Quocirca,
1164 2318 1318 2374 Sanctiteti
1330 2336 1394 2375 ves-

344 2400 364 2427 “
382 2404 436 2454 troe
461 2408 627 2457 reverenter
652 2408 682 2458 et
699 2401 850 2457 humiliter
876 2401 1075 2474 supplicamus
1103 2408 1245 2475 quatenus
1271 2402 1393 2458 eundem

345 2484 364 2510 ‘⁸
382 2481 531 2540 dominum
556 2494 689 2542 nostrum
707 2486 836 2558 Regem,
861 2487 912 2558 qni
939 2488 1016 2542 inter
1043 2486 1115 2542 ahos
1142 2487 1288 2559 principes
1315 2486 1394 2544 orbis

344 2567 365 2594 “
381 2572 469 2622 terrm
488 2567 672 2625 Catholieum
690 2587 722 2625 se
740 2569 866 2634 exhibet,
882 2576 912 2624 et
929 2570 1069 2625 Romamn
1087 2569 1228 2626 Ecclesiae
1247 2571 1392 2638 devotum

344 2650 448 2722 “jura
472 2670 534 2719 sua,
563 2654 722 2719 libertates,
752 2660 782 2709 et
808 2655 1041 2717 eonsuetudines,
1061 2660 1092 2711 et
1118 2654 1199 2727 leges
1229 2656 1392 2727 praedictas,

342 2736 362 2762 ⁴‘
380 2736 490 2806 ebsquc
520 2738 711 2794 diminutione
739 2745 769 2794 et
793 2738 996 2809 inquietudine
1023 2738 1142 2810 pacifice
1172 2741 1330 2815 possidere,
1360 2758 1394 2798 uo

342 2821 362 2847 ‘⁴
380 2819 494 2876 illibate
511 2824 676 2895 persistere,
696 2824 853 2894 benignius
871 2820 1099 2895 permittatis.”¹

376 2903 412 2959 In
436 2905 511 2962 festo
529 2906 726 2970 Pentecostes,
753 2907 844 2961 finitis
863 2907 977 2976 treugis
1005 2924 1069 2977 qum
1095 2924 1163 2962 cum
1189 2907 1285 2963 Sectis
1312 2909 1393 2963 initoe
1405 2912 1517 2964 Edward

340 2986 463 3052 fuerant,
479 2989 541 3044 Rex
560 3000 660 3046 contra
678 2992 785 3045 festum
800 2990 900 3045 Sancti
914 2990 933 3045 J
934 2990 1055 3045 chunnis
1068 2990 1209 3061 Beptistae
1221 2992 1253 3045 in
1265 2992 1393 3047 Sentium
1405 2983 1523 3045 PM
1534 2988 1561 3032 10

339 3072 532 3144 proficiscitur
557 3077 686 3132 exercitu
711 3075 845 3131 adunato.
883 3074 1021 3144 Dumque
1048 3074 1080 3128 iu
1106 3073 1204 3129 Scotia
1229 3073 1389 3146 hyemaret,
1406 3047 1534 3166 &galnss

339 3157 385 3212 sui
415 3157 522 3214 multos
553 3178 642 3229 equos
672 3178 794 3231 magnos
820 3159 1019 3232 perdiderunt,
1051 3158 1088 3212 ob
1113 3158 1259 3213 defectum
1284 3159 1390 3231 foragii
1404 3129 1509 3233 301?
1535 3130 1561 3166 m

338 3247 468 3313 tempore
487 3243 605 3314 frigoris
624 3244 776 3315 hyemalis.

372 3325 502 3381 'lhansiit
519 3345 611 3383 annus
630 3329 686 3384 iste
706 3329 826 3399 frugum
843 3344 896 3381 nec
915 3325 1071 3398 opulentus
1089 3342 1142 3380 nec
1159 3326 1275 3380 omnino
1289 3326 1390 3400 inops;

336 3408 425 3481 Papae
456 3409 611 3483 Curiusque
638 3411 785 3480 Rcmenae,
818 3416 937 3482 propter
967 3409 1143 3465 discordiam
1170 3414 1278 3465 motum
1315 3413 1392 3467 inter

336 3492 446 3565 Papam
465 3501 495 3549 et
513 3495 625 3566 Regem
643 3496 784 3559 Fraude,
805 3493 949 3549 melorum
967 3493 1160 3559 inchoativus,
1180 3495 1391 3566 inquietudinis

336 3579 534 3642 concitativus,
549 3579 678 3635 scandali
698 3580 903 3650 generativus3
923 3577 1040 3648 Anglis,
1060 3595 1113 3633 nec
1128 3579 1244 3634 omnino
1256 3580 1387 3646 martius,

335 3679 389 3717 nec
407 3663 523 3717 omnino
542 3664 676 3734 quietus;
699 3664 803 3728 Scotis,
818 3663 1007 3733 suspiciosus,
1021 3661 1166 3727 turbidus,
1181 3669 1212 3717 et
1224 3663 1389 3735 inquietus;

336 3745 463 3802 inimicis
502 3746 605 3803 Crucis
643 3747 764 3811 Christi,
808 3746 979 3802 Sarracenis
1017 3745 1165 3811 videlicet,
1197 3747 1332 3817 lugubris
1362 3757 1393 3806 et

336 3829 486 3885 molestus.

280 3906 306 3958 ll·
371 3912 456 3970 Anno
480 3916 582 3985 gratiae
608 3915 763 3971 millesimo
791 3915 996 3971 trecentesimo
1023 3914 1120 3980 tertio,
1149 3915 1200 3985 qui
1229 3921 1275 3971 est
1298 3934 1389 3972 annus
1403 3914 1520 3994 Melete

281 4005 282 4013 ’
335 3999 420 4069 regni
438 3997 529 4070 Regis
542 3999 687 4064 Eduardi,
702 4018 720 4055 a
735 4000 912 4071 (lonqumstu
927 3998 1030 4062 Primi,
1045 3999 1218 4062 tricesimus,
1239 4001 1296 4055 fuit
1311 4001 1390 4056 idem
1402 3989 1472 4032 “¹¹⁰⁰
1484 3983 1546 4033 '¹²¹¹

280 4123 316 4160 α..
336 4081 400 4137 Rex
417 4083 454 4138 ad
471 4083 577 4138 Natole
596 4085 626 4138 in
646 4085 751 4147 Sentio,
773 4085 803 4139 in
821 4084 884 4138 lccc
903 4083 954 4153 qui
973 4082 1081 4138 dicitur
1101 4085 1119 4109 “
1133 4083 1300 4148 Linsiuco,”
1321 4102 1388 4140 eum
1401 4047 1556 4165 ffim

280 4154 303 4226 ἰι
336 4168 479 4222 exercitus
501 4186 587 4222 manu
613 4170 741 4239 potenti3
762 4167 814 4223 sed
837 4168 874 4222 ed
892 4167 1061 4222 instantiam
1080 4166 1171 4237 Regis
1196 4166 1385 4235 Francorum,
1399 4180 1507 4246 coung-

280 4280 284 4292 ·
336 4250 420 4322 cnjus
447 4269 540 4323 nuper
558 4270 685 4307 sororem
704 4252 834 4315 duxerat,
856 4251 952 4307 Sectis
971 4257 1091 4321 treugas
1112 4267 1205 4322 usque
1224 4251 1261 4305 sd
1279 4252 1386 4307 festum
1400 4247 1467 4298 1⁸¹¹&

336 4333 473 4390 Omnium
508 4335 679 4391 Sanctorum
715 4336 872 4391 concessit:
911 4335 1110 4405 ordinetisque
1145 4334 1232 4388 rebus
1270 4334 1384 4403 Scotiae,
1399 4325 1498 4405 ᾼΡῑΐ·

336 4436 470 4473 reversns
498 4424 543 4473 est
568 4420 598 4473 in
624 4419 773 4490 Angliam,
802 4426 832 4475 et
861 4419 941 4474 circo
969 4419 1096 4474 mediam
1127 4417 1385 4488 Quadragesimam
1398 4393 1503 4511 ¹1¹2th
1513 4401 1539 4446 *t

336 4502 564 4558 Parliamentum
583 4503 740 4557 Londoniis
759 4504 936 4558 convocavit.
1437 4477 1454 4510 n
1473 4477 1514 4512 ω’

372 4586 481 4641 Eodem
506 4594 635 4658 tempore
661 4587 741 4657 Papa
764 4588 932 4642 Bonifecius
960 4604 1013 4657 per
1037 4586 1150 4641 litteras
1178 4604 1246 4641 suas
1272 4587 1385 4659 Regem
1398 4566 1468 4630 P⁰P⁰

1399 4632 1520 4682 Bonitaee

552 4769 815 4776 ----------.--.-Δ
824 4766 1055 4774 -----
1353 4770 1382 4777 -

376 4889 456 4941 'The
472 4892 529 4942 date
545 4892 595 4942 and
612 4890 683 4955 place
702 4905 744 4940 are
761 4888 837 4954 given
889 4886 1018 4936 “Domini
1037 4887 1130 4939 uoce!
1163 4889 1194 4938 In
1218 4889 1341 4941 Matthew
1360 4893 1391 4943 of

334 4969 360 5018 in
388 4968 642 5035 Hemingburgh,-“
658 4968 736 5018 Dant
771 4967 840 5033 apud
890 4965 1075 5027 Wesuninster,
1096 4966 1138 5018 the
1154 4967 1214 5019 time
1242 4970 1265 5020 is
1291 4971 1386 5036 merely

332 5052 348 5076 ⁴¹
360 5045 512 5103 lincolnien
525 5048 570 5101 xii.
581 5048 620 5099 die
627 5046 768 5105 Februarii,
775 5064 839 5097 anno
889 5044 1034 5096 mentioned
1044 5060 1072 5097 u
1083 5049 1172 5098 “cnno
1183 5046 1287 5099 Domini
1299 5051 1386 5102 luol.''

1228 5146 1250 5192 G
