3750 6250
655 1071 819 1124 arsacius
834 1070 1046 1122 suonrcsus.
1316 1058 1381 1126 203

283 1267 301 1318 l.
335 1263 355 1290 ‘⁴
375 1267 384 1292 ‘
392 1263 471 1334 juris
490 1281 578 1334 quam
597 1262 844 1329 descendentium,
866 1260 928 1333 [ne]
943 1279 996 1334 per
1007 1263 1175 1320 foemineem
1187 1263 1384 1320 masculorum
1396 1270 1464 1324 Ad).
1479 1273 1542 1322 1³39

335 1349 354 1374 “
376 1351 383 1374 ‘
398 1347 537 1420 injurium
546 1347 659 1403 eccesie
670 1353 848 1403 nasceretur.
873 1345 903 1402 N
905 1364 938 1401 ec
950 1354 997 1402 est
1007 1347 1137 1419 putando
1145 1348 1298 1404 memorati
1306 1349 1384 1420 juris

282 1416 299 1454 '⁸
334 1433 354 1458 “
375 1433 521 1488 ‘intentio
543 1435 584 1488 sie
605 1433 715 1503 iniqua,
737 1439 771 1487 nt
789 1439 912 1486 matrem
939 1438 970 1488 et
989 1432 1083 1487 filium
1111 1432 1243 1488 ¹retione
1269 1438 1383 1488 contra·

333 1519 353 1546 ‘¹
375 1518 383 1542 ‘
399 1518 444 1572 ris
464 1517 600 1572 similiter
613 1517 739 1572 damnet.
775 1516 871 1571 Immo
879 1514 906 1570 ²e
919 1523 1029 1582 eontra,
1040 1517 1118 1588 juris
1130 1518 1262 1589 ejusdem
1271 1516 1384 1588 jndicio

333 1602 353 1627 “
375 1603 454 1671 ‘quo
479 1613 572 1656 meter
596 1619 614 1656 a
643 1601 827 1656 successione
859 1600 1024 1671 expellitur,
1051 1601 1112 1657 filio
1130 1601 1256 1672 gradum
1281 1602 1384 1657 metris

332 1687 352 1712 “
374 1689 381 1711 ‘
395 1686 528 1755 ingresso
537 1685 682 1740 successio
690 1691 759 1740 tunc
771 1684 913 1749 differtur,
925 1685 1116 1741 similitudine
1126 1686 1189 1751 filii,
1201 1687 1252 1756 qui
1260 1686 1385 1757 gradum

333 1771 353 1795 “
374 1770 526 1840 ‘parentis
542 1768 703 1824 deficientis
717 1767 893 1838 ingreditur,
914 1776 947 1825 nt
959 1769 997 1824 ad
1008 1769 1151 1841 ³patriam
1170 1770 1384 1826 successionem

333 1857 353 1880 ‘⁶
376 1858 464 1909 ‘cum
482 1856 596 1926 patruis
610 1856 699 1910 etism
720 1854 901 1918 admittatur,
925 1860 960 1909 ut
978 1855 1021 1910 sio
1040 1856 1145 1911 merito
1165 1856 1260 1910 tristis
1279 1859 1383 1918 mater,

334 1942 353 1964 “
375 1941 518 2009 ‘presiate
535 1939 634 2010 rigore
653 1939 736 2008 regie
753 1938 924 1994 haereditate
936 1939 1054 2004 nudate,
1069 1940 1273 1995 sulsstitutiene
1286 1939 1385 1994 teliter

334 2025 353 2049 “
376 2023 453 2078 ·sibt
472 2023 574 2087 *factm
595 2023 630 2078 de
649 2023 709 2077 tilio
728 2022 856 2093 gandeat
873 2022 1029 2084 consolata,
1049 2040 1103 2078 nec
1121 2023 1270 2078 afflictioni
1296 2023 1383 2078 afflic-

334 2111 353 2133 ‘·
376 2108 505 2162 ‘tionem
524 2107 697 2170 accumulet,
712 2107 790 2175 qnod
802 2112 902 2162 sancta
913 2107 1106 2162 consideratio
1117 2107 1193 2178 legis
1210 2107 1384 2172 “abherret3

334 2194 353 2217 ‘⁶
375 2191 474 2246 ‘sicut
492 2191 625 2246 videmus
652 2190 740 2244 otiern
759 2190 810 2243 ubi
828 2207 901 2244 onus
928 2190 1091 2245 afflictionis
1117 2191 1302 2262 prmamabile
1327 2209 1385 2244 non

335 2283 353 2300 ¹·
376 2275 499 2329 ‘intulit
511 2274 566 2339 lex,
582 2275 634 2328 sed
646 2292 731 2330 casus
746 2275 776 2327 in
788 2274 864 2342 lege,
880 2274 994 2329 scilicet
1007 2274 1085 2345 qired
1102 2275 1386 2331 consuetudinariam

334 2364 354 2386 ‘⁶
377 2359 495 2428 ‘legem
514 2360 641 2422 damnat,
667 2358 742 2412 bons
767 2357 973 2412 concedentem
998 2359 1049 2413 olii
1076 2361 1302 2430 naufragorum
1330 2378 1389 2430 quo

336 2445 354 2468 “
377 2443 510 2498 ‘ratione
541 2443 619 2512 quod
645 2443 674 2496 in
706 2459 842 2512 expresso
872 2442 963 2510 legali
994 2460 1046 2512 pre
1076 2442 1195 2498 vitands
1224 2444 1388 2498 afflictionis

336 2529 354 2552 ‘⁶
378 2527 561 2596 ‘adjectione
580 2526 747 2596 corrigitur,
775 2526 868 2580 multo
899 2527 1004 2580 fortius
1032 2527 1062 2581 iu
1089 2528 1179 2582 tacito
1206 2528 1386 2598 prohibetur.

335 2612 355 2638 ‘⁴
378 2610 472 2681 ‘Legi
492 2628 562 2680 ergo
581 2610 666 2678 regui
684 2609 836 2663 “araneis
849 2610 974 2664 sufficiet
993 2611 1060 2680 plns
1080 2629 1168 2681 quom
1180 2611 1276 2682 plene,
1289 2613 1386 2677 matri,

348 2697 355 2720 ‘
378 2696 456 2748 ‘nen
475 2711 527 2748 suo
546 2694 627 2756 vitio,
648 2693 701 2748 sed
719 2697 830 2747 naturae
848 2693 934 2757 liceto,
956 2712 1021 2764 quse
1041 2695 1191 2750 foeminam
1209 2697 1288 2761 fecit,
1308 2696 1388 2750 illum

348 2782 355 2805 ·’
379 2779 512 2834 ‘redicas
540 2779 637 2848 rogia-s
666 2777 836 2841 succidisse,
867 2777 1003 2847 quodque
1037 2786 1132 2834 mater
1167 2798 1304 2851 exlsresse
1336 2797 1389 2852 per

337 2869 355 2889 ⁴·
378 2863 496 2932 ‘legem
515 2863 609 2932 ipsum
628 2861 867 2916 exhaeredationis
887 2862 1022 2932 proprias,
1044 2864 1128 2932 qussi
1154 2863 1300 2933 quoddam
1318 2881 1388 2918 nau·

337 2954 355 2973 ‘⁵
379 2947 532 3016 ‘frugium
551 2947 688 3016 patietur,
710 2945 819 3015 absque
839 2963 873 2998 co
892 2945 978 3014 quod,
1000 2947 1124 3016 exlegis
1142 2948 1272 3017 praefate)
1290 2965 1389 3002 eonse-

337 3039 356 3056 ··
379 3030 501 3100 ‘quent-i
529 3030 627 3092 tacito,
655 3029 733 3083 omni
761 3029 829 3098 jure
859 3030 1014 3092 contrarie,
1043 3048 1108 3084 cum
1128 3031 1189 3085 filio
1206 3031 1389 3086 exhaeredato

337 3117 355 3141 '¹
378 3115 506 3169 ‘iterenn
520 3114 721 3183 rreutingctur,
742 3126 772 3167 et
790 3113 852 3167 sine
871 3112 958 3183 culpe
977 3132 1063 3185 poeue
1080 3115 1247 3171 invenietur
1267 3115 1387 3186 arigeri3

337 3201 356 3225 ‘⁶
379 3201 477 3262 ‘euui,
499 3198 548 3252 ubi
568 3199 655 3251 etium
675 3197 762 3266 culpe
779 3205 833 3259 est,
854 3198 959 3252 debcot
976 3198 1111 3253 emolliri.
1148 3198 1246 3254 Aliter
1272 3200 1388 3254 etiamsi

337 3286 355 3309 ‘⁶
378 3285 452 3352 ‘pro
479 3300 513 3336 eo
544 3282 622 3351 qired
647 3290 739 3336 nister·
757 3301 791 3335 ex
807 3282 875 3351 juro
900 3300 957 3336 non
980 3280 1169 3339 ⁷adrnittetur
1192 3282 1230 3337 nd
1253 3301 1387 3353 regnum,

337 3370 356 3393 ‘⁶
378 3366 502 3437 ‘repelli
518 3366 585 3435 jure
605 3365 682 3419 tilius
703 3366 917 3435 intelligeretur·
947 3386 966 3420 u
992 3384 1092 3436 regno,
1125 3366 1295 3421 Jndtcerum
1324 3386 1389 3438 reg-

337 3456 357 3476 ‘·
379 3454 470 3504 ‘num
483 3457 583 3505 contre
603 3449 669 3503 titlci
689 3449 908 3505 fundamentum
927 3468 983 3504 non
1002 3452 1185 3522 pervenisset
1202 3452 1334 3523 legitime
1352 3452 1390 3506 nd

338 3538 356 3560 '⁵
379 3534 515 3596 ‘Jcsunn
536 3535 587 3604 qui
607 3542 703 3587 temen
722 3541 807 3588 nutus
827 3533 882 3588 Dei
901 3535 1043 3598 misterio,
1063 3554 1120 3590 uon
1139 3536 1219 3591 virili
1232 3536 1389 3599 consortio,

337 3622 356 3645 ‘¹
379 3622 435 3671 ‘ex
453 3618 607 3672 ¹tinmiuee
624 3618 718 3687 reguli
736 3617 817 3687 prole
837 3618 981 3682 Davitica,
1001 3618 1098 3673 Maria
1115 3620 1249 3691 Virgine,
1268 3621 1306 3675 ed
1324 3638 1390 3691 reg-

338 3706 356 3729 “
379 3706 471 3756 ‘num
490 3702 658 3772 hujusmodi
677 3719 733 3754 rien
760 3701 896 3765 udruissn,
926 3720 979 3757 nec
1007 3704 1094 3757 etiam
1122 3703 1310 3768 admittendo,
1337 3722 1391 3775 per·

338 3792 357 3814 ‘⁶
380 3794 511 3842 'certam
542 3787 609 3840 fidei
640 3787 803 3848 veritatem,
837 3786 899 3840 Rex
929 3804 1017 3842 verus
1051 3793 1082 3844 ct
1116 3787 1267 3857 legitimus
1294 3790 1391 3844 extitit

339 3874 357 3899 ¹¹
380 3871 582 3925 ‘ludaeorum
621 3869 709 3924 Absit
726 3870 824 3934 etism,
846 3871 924 3940 quod
942 3871 1049 3927 ¹‚Iesus
1068 3872 1146 3929 filius
1165 3873 1263 3929 David
1280 3872 1390 3944 regalis

339 3960 357 3985 ‘⁶
379 3956 547 4009 ‘successio
582 3953 686 4021 legalis
712 3954 913 4019 observantius,
950 3955 1013 4009 sive
1039 3957 1117 4021 nodi,
1147 3958 1237 4013 fuerit
1261 3960 1391 4013 fructura

338 4043 358 4067 “
380 4043 386 4069 ⁶
401 4040 463 4095 sive
477 4039 592 4101 solutis,
607 4056 674 4091 etun
694 4037 714 4069 ¹¹¹
721 4038 793 4092 dicit
805 4037 901 4109 legem
914 4058 972 4093 non
983 4041 1097 4096 venerit
1110 4042 1232 4106 solvere,
1247 4042 1300 4097 sed
1312 4041 1329 4072 ¹¹
1340 4040 1389 4094 ed·

339 4128 358 4151 ⁶·
380 4127 387 4151 ‘
401 4124 533 4193 implere.
563 4123 627 4177 Hoc
641 4134 738 4176 autern
751 4122 1029 4178 excellentissimum
1041 4125 1183 4194 legitimus
1196 4125 1390 4181 successionis

340 4212 358 4235 ‘⁴
381 4208 567 4278 ‘exemplum
586 4206 797 4261 ratiormbiliter
815 4207 938 4278 imponit
957 4209 1107 4265 silentium
1127 4208 1295 4279 loquacitati
1322 4227 1388 4262 cen·

340 4295 359 4320 ‘⁸
381 4292 485 4345 ‘trurii
502 4292 564 4360 juri
584 4295 682 4344 nostre
702 4291 730 4344 iu
756 4308 849 4361 regno
875 4291 1007 4347 anciae
1035 4299 1203 4356 mcruerato,
1232 4312 1268 4347 ue
1294 4291 1390 4362 quoad

340 4381 359 4405 ‘⁶
380 4375 569 4446 ‘legitimum
587 4374 712 4445 grwlum
742 4382 772 4430 ct
797 4375 928 4430 ordinem
948 4377 1122 4431 succedendi
1141 4376 1160 4409 ¹¹
1169 4394 1341 4448 superemur
1358 4378 1390 4432 in

342 4494 467 4503 ..-
481 4493 520 4499 ..-
542 4494 554 4498 ..
573 4493 633 4499 -.--
650 4494 680 4499 -.
712 4494 727 4499 ..
793 4494 797 4499 .
937 4494 1020 4499 .--—

374 4552 380 4581 ¹
394 4551 654 4609 natieue‚11nrl.655.
918 4552 928 4579 ⁸
934 4552 1048 4614 semina,
1060 4551 1133 4601 Harl.
1149 4556 1206 4602 655.

373 4631 523 4688 'contraris
533 4628 606 4678 llnrl.
620 4634 675 4679 655.
920 4628 982 4678 ”An
999 4644 1069 4678 error
1085 4630 1125 4679 ser
1137 4629 1201 4679 Jcss
1214 4627 1269 4693 filit
1285 4630 1387 4694 David,-

376 4711 384 4737 ¹
392 4710 489 4773 smirci,
500 4708 572 4758 Ilarl.
586 4713 642 4756 too.
887 4707 929 4755 the
947 4723 1015 4757 same
1034 4708 1169 4773 ‹recurring
1189 4709 1215 4758 iu
1227 4710 1270 4760 the
1289 4712 1388 4776 printed

374 4788 382 4813 ¹
396 4787 510 4837 Omitted
522 4785 549 4835 in
562 4786 633 4836 Ilarl.
647 4791 702 4836 055.
887 4796 954 4835 texts
965 4788 995 4835 of
1008 4787 1194 4852 Walsingham.

373 4864 481 4919 ⁵lterret.
490 4866 563 4915 llari,
578 4871 634 4915 655.
920 4867 937 4894 ¹⁰
950 4866 1062 4916 Omitted
1073 4867 1101 4915 in
1112 4868 1186 4918 Harl.
1199 4876 1255 4921 655.

372 4949 382 4971 ¹
399 4945 510 4996 Omitted
523 4944 593 4994 llarl.
607 4950 662 4994 cst.
921 4946 934 4973 ¹¹
949 4944 1052 5009 implere,
1064 4947 1136 4997 llerl.
1149 4954 1205 4998 655,

373 5025 567 5084 ἀιίιιιὶιιινεῑιιν,
580 5024 651 5075 llari.
665 5030 720 5075 655.
919 5027 935 5055 '¹
945 5042 1093 5091 separemur,
1104 5027 1176 5080 Harl.
1189 5034 1245 5079 65⁵.
