3750 6250
495 1086 560 1152 396
821 1101 953 1151 monn
975 1098 1209 1152 wsnsmcnsu

325 1294 394 1346 Μ),
410 1297 480 1345 1379.
529 1274 660 1347 Propriis
678 1274 781 1345 utique
796 1274 930 1330 diffidens
942 1275 1065 1342 viribus,
1080 1275 1224 1346 quendem
1235 1274 1407 1347 Anglioum
1421 1267 1574 1327 militem,
1589 1277 1642 1331 MS.
1653 1280 1686 1333 Bi!

328 1385 477 1436 Theaidof
495 1357 658 1415 Johnnnem
676 1359 864 1423 Hewkwode,
892 1361 923 1414 in
950 1361 1045 1416 Iteliae
1073 1366 1103 1416 et
1122 1360 1308 1415 Lumbnrdise
1327 1355 1479 1429 pertibus
1501 1369 1574 1406 cum
1587 1345 1645 1424 Reg
1658 1354 1680 1399 1³

326 1453 370 1503 Sir
380 1453 451 1502 John
494 1462 551 1498 non
568 1462 660 1515 perus
676 1462 765 1498 menn
783 1444 910 1499 militnm
930 1451 960 1500 et
977 1451 1155 1500 armatorum
1172 1447 1360 1510 militantem,
1376 1437 1573 1499 siccandum,
1587 1413 1616 1461 F*
1627 1429 1659 1466 ¹¹·

325 1519 542 1584 Hawkw⁰⁰<1vel
571 1529 669 1600 potius
699 1528 794 1583 multo
822 1528 948 1598 pecunie
977 1530 1175 1594 coemendum,
1207 1529 1244 1585 sd
1274 1546 1366 1584 suum
1401 1523 1573 1585 auxilium,

325 1588 474 1703 ἰξοίἓξὲῗωᾱ
494 1614 689 1684 peroptimum
708 1613 771 1667 foro
788 1613 912 1683 putavit.
960 1613 1019 1668 Sed
1037 1614 1174 1668 Britones
1193 1615 1243 1684 qui
1262 1613 1293 1667 in
1312 1610 1447 1668 castello
1469 1613 1573 1669 erant,

475 1691 561 1753 'oum
579 1697 642 1752 haec
660 1696 819 1762 audissent,
840 1696 933 1752 tutius
959 1697 1016 1751 reti
1042 1703 1111 1752 sunt
1131 1715 1163 1752 sc
1181 1697 1295 1753 occulte
1314 1695 1454 1751 Domino
1476 1691 1574 1761 Pspae

327 1770 395 1849 The,
494 1782 623 1846 reddere,
656 1800 744 1853 quum
774 1781 839 1853 ejus
869 1781 1028 1836 adventum
1057 1782 1089 1837 in
1120 1782 1166 1836 sni
1192 1782 1354 1853 perniciem
1389 1782 1572 1850 expectere.

326 1853 443 1954 &5⁰¹¹
495 1866 653 1922 Constabat
675 1884 802 1937 nemque
829 1866 871 1921 eis
903 1866 1058 1931 Romanos,
1088 1867 1166 1921 sieut
1190 1885 1208 1921 e
1232 1866 1341 1923 militia
1371 1869 1523 1920 veterum
1543 1867 1575 1916 et

326 1921 470 2021 mulier,
494 1951 639 2022 probitate
667 1950 841 2015 exciderant,
872 1949 914 2005 sie
941 1968 957 2004 n
983 1950 1139 2005 elementis
1165 1956 1195 2005 et
1219 1951 1328 2021 pietate
1348 1967 1422 2019 quse
1444 1963 1575 2016 semper

326 2038 432 2100 tol'ope
495 2036 630 2104 antiquos
667 2034 812 2089 Romanos
848 2034 974 2090 victores
1011 2036 1144 2090 comitari
1181 2035 1321 2091 solebant.
1375 2034 1419 2088 Et
1459 2048 1574 2085 revers

329 2104 426 2154 Ufblu·
494 2119 618 2174 Romani
647 2118 780 2173 moderni
810 2118 1008 2173 erudelissimi
1038 2120 1096 2174 viri
1127 2125 1205 2183 sunt,
1243 2119 1291 2173 ¹et
1326 2118 1417 2172 nullu
1451 2117 1572 2187 pietate

492 2204 619 2276 praediti,
639 2203 786 2276 praeeipue
812 2221 901 2274 penes
929 2221 979 2258 eos
1004 2222 1077 2274 quos
1102 2204 1192 2259 ermis
1212 2203 1376 2274 subjugere
1397 2201 1569 2270 contingit.

493 2290 558 2345 Huc
577 2306 648 2359 ergo
667 2305 756 2342 censo
772 2286 920 2358 praecipuc
950 2290 1043 2342 eoacti
1069 2294 1138 2342 sunt
1164 2288 1301 2342 Britones
1327 2287 1456 2342 occulte
1477 2285 1572 2339 ‘²eum

492 2372 618 2427 Domino
635 2372 717 2441 Pnpu
734 2389 914 2441 componere,
944 2378 986 2435 ut,
1015 2372 1104 2426 solvis
1130 2372 1310 2442 corporibus,
1337 2379 1447 2425 temen
1476 2369 1571 2423 illaesi

493 2456 732 2528 permitterentur
756 2454 846 2509 ubire.
894 2455 1037 2510 Dominus
1064 2474 1134 2510 vero
1160 2456 1249 2528 Papa,
1278 2462 1313 2510 ut
1329 2456 1381 2509 vir
1400 2454 1568 2526 pacificus,

493 2558 594 2595 eorum
617 2539 807 2610 petitionibus
832 2538 993 2609 adquievit.
1044 2539 1203 2596 Redditum
1226 2547 1272 2595 est
1292 2541 1397 2609 iteqne
1425 2544 1571 2592 castrum

493 2624 618 2679 Domino
649 2623 746 2694 Pepae,
779 2622 831 2677 sed
862 2625 974 2679 occulte
1005 2629 1035 2679 et
1061 2625 1092 2677 in
1118 2630 1211 2689 nocte,
1239 2642 1275 2679 ne
1307 2625 1385 2678 forte
1419 2623 1571 2677 venirent

494 2708 617 2762 Romani
630 2712 660 2763 et
672 2707 809 2763 tollerent
826 2707 924 2778 ipsum
942 2709 1040 2764 locum
1058 2715 1088 2764 et
1105 2718 1232 2780 gentem.
1271 2707 1442 2764 Constabat
1462 2712 1571 2762 autem

494 2791 619 2847 Domino
638 2792 726 2863 Pupoe
744 2791 890 2846 Romanos
909 2792 1000 2846 nullis
1026 2811 1128 2848 eorum
1146 2792 1336 2864 petitionibus
1356 2791 1569 2856 inclinandos,

494 2877 583 2932 nullis
609 2875 745 2948 precibus
772 2876 834 2929 fore
862 2877 1039 2942 flectendos3
1060 2882 1089 2931 et
1118 2877 1185 2931 ideo
1211 2877 1325 2932 dimisit
1356 2895 1409 2932 eos
1432 2877 1569 2940 occulte,

329 2961 385 3044 ,Μ
396 2992 470 3044 dimi·
493 2966 614 3034 propter
631 2965 743 3015 metum
768 2958 915 3031 '[eornm]
936 2961 988 3032 qui
1013 2960 1137 3016 oderunt
1164 2978 1223 3015 cos.
1259 2961 1417 3016 Numerus
1440 2960 1572 3031 quidem

329 3059 416 3111 „urive
495 3063 606 3110 eorum,
621 3045 671 3116 qui
690 3049 819 3098 oestrum
838 3044 880 3098 its
894 3049 1057 3109 tenuerent,
1077 3045 1128 3115 qui
1146 3044 1291 3099 Romanos
1308 3044 1407 3099 veluti
1429 3045 1518 3114 aspis
1538 3044 1573 3097 in

329 3130 435 3178 number
446 3128 476 3179 of
495 3132 561 3187 sinu
580 3130 750 3194 afflixerunt,
769 3129 819 3183 vix
838 3130 968 3186 exerevit
989 3130 1026 3185 od
1046 3131 1232 3201 septuaginta
1256 3130 1407 3201 quinque3
1432 3129 1519 3184 unde
1540 3136 1572 3184 et

329 3194 441 3272 limga*
495 3233 544 3271 eos
569 3214 672 3285 mojori
699 3213 765 3268 odio
793 3214 1040 3285 perstringeba-nt,
1066 3232 1134 3270 cum
1157 3215 1295 3270 videbant
1317 3233 1336 3269 a
1363 3223 1431 3270 tam
1460 3214 1571 3285 paucis

328 3276 404 3311 ΠΜ·
495 3318 596 3355 eorum
614 3316 700 3371 posse
718 3297 857 3353 contundi
876 3300 1053 3370 snperbiam,
1081 3307 1111 3355 et
1135 3300 1215 3370 ipsos
1247 3300 1396 3354 Romanos
1432 3300 1572 3369 amplior

495 3386 584 3440 rubor
596 3382 773 3439 confusionis
786 3382 903 3439 invasit.
942 3382 1048 3451 Quare,
1062 3390 1096 3438 ut
1108 3384 1242 3448 diximus,
1255 3384 1338 3439 nullo
1356 3384 1454 3439 modo
1473 3384 1572 3439 saluti

496 3488 596 3524 eorum
615 3467 839 3531 consensissent,
869 3468 894 3521 si
921 3467 1063 3522 Dominus
1088 3468 1168 3540 Papo
1185 3487 1238 3539 pro
1256 3467 1438 3523 liberatione
1459 3486 1571 3523 eorum

496 3556 693 3609 Romanorum
712 3551 867 3605 arbitrium
886 3559 1075 3622 expectasset.

328 3636 464 3686 Trensures
531 3637 701 3692 Britonibus
728 3636 826 3703 itaquo
853 3635 888 3688 de
915 3637 1036 3690 castello
1062 3636 1200 3706 egressis,
1230 3644 1259 3691 et
1277 3638 1457 3708 Pepelibns‚
1477 3638 1571 3709 juxte

328 3707 445 3819 {temti}
497 3722 671 3783 condictum,
692 3719 842 3782 immissis,
869 3737 920 3789 per
945 3726 1036 3773 totum
1060 3730 1174 3774 noctem
1199 3739 1303 3775 eurum
1328 3728 1359 3776 et
1384 3731 1569 3793 argentum,

329 3788 464 3888 ngglefg,
496 3825 567 3861 vase
590 3801 837 3873 concupiscibilia,
865 3809 895 3856 et
918 3804 1140 3873 universaquae
1165 3807 1232 3859 usui
1257 3806 1345 3876 Papae
1367 3807 1570 3877 prodessent,

329 3905 466 3953 tlreusoof
497 3892 566 3944 iecit
587 3890 729 3943 Dominus
749 3884 830 3956 Pupe
849 3887 886 3940 ad
908 3905 993 3941 suum
1014 3888 1161 3942 Palatium
1181 3892 1368 3959 comportari.
1409 3893 1572 3949 Illuceute

331 3971 459 4034 thel'opo.
497 3979 633 4041 crastino,
672 3982 788 4031 senatus
828 3975 1011 4046 populusque
1051 3976 1209 4040 Romanus,
1241 3996 1308 4031 eum
1339 3983 1573 4050 comperissent

496 4063 672 4119 deditionem
691 4061 813 4125 castelli,
840 4061 968 4114 occurrit
991 4060 1071 4114 illico
1096 4080 1163 4115 enm
1193 4062 1356 4127 securibus,
1391 4066 1569 4133 ligonibus,

496 4154 525 4202 ot
555 4146 648 4201 omnis
679 4146 794 4215 generis
826 4144 1037 4208 instrumentis,
1063 4145 1099 4198 ad
1125 4145 1298 4200 diruendum
1329 4150 1510 4214 castellum,
1540 4153 1571 4205 in

497 4233 637 4287 ultionem
673 4230 746 4284 tanti
783 4229 932 4299 opprobrii
969 4230 1080 4298 accepti
1114 4247 1166 4299 per
1196 4230 1333 4285 Britoncs
1365 4235 1569 4291 castella-nos.

498 4317 685 4371 Confractum
704 4320 749 4369 est
767 4314 865 4383 itaque
885 4312 1038 4367 castellum
1065 4314 1095 4366 in
1122 4313 1187 4383 ipse
1213 4314 1269 4377 die,
1297 4321 1327 4369 et
1346 4316 1493 4373 dirutum
1514 4340 1571 4391 pro

496 4419 603 4470 mogun
631 4405 732 4470 porte3
765 4404 795 4452 ct
823 4399 865 4452 ite
895 4397 1019 4450 Romani
1047 4396 1083 4449 de
1109 4398 1290 4452 *insensibili
1327 4403 1462 4457 materie
1502 4423 1572 4460 eru-

497 4485 591 4538 delem
604 4482 815 4553 quodammodo
833 4498 936 4551 cepere
954 4480 1122 4535 vindictum.

531 4783 577 4829 ¹ex
594 4780 620 4827 in
643 4780 714 4843 orig,
740 4780 774 4844 by
801 4779 994 4836 inadvertenee3
1047 4778 1094 4828 iu:
1114 4780 1218 4829 omitted
1227 4781 1254 4830 in
1266 4782 1307 4831 the
1320 4784 1430 4846 printed
1441 4796 1525 4841 texts,

497 4861 624 4911 corrected
636 4858 700 4908 from
713 4858 756 4907 tho
767 4858 866 4921 printed
877 4863 951 4907 texts.
1080 4860 1088 4886 ⁴
1102 4859 1191 4908 visibili
1203 4861 1229 4909 in
1242 4862 1305 4925 orig.
1318 4866 1372 4913 and
1392 4867 1440 4917 the
1460 4872 1570 4932 printed

532 4942 542 4969 2’
558 4938 590 4986 ub
604 4938 629 4984 in
642 4938 713 4999 orig,
723 4939 757 4999 by
771 4938 955 4987 inadveuenee.
1047 4945 1127 4997 texts;
1140 4942 1266 4991 corrected
1277 4942 1344 4992 from
1361 4945 1437 4999 Bibl.
1449 4949 1523 5015 Reg,
1539 4958 1570 5002 13

532 5022 540 5048 '¹
553 5016 672 5079 Supplied
684 5017 748 5065 from
762 5015 828 5066 Bibl.
845 5017 907 5080 Reg.
923 5021 952 5066 13
965 5016 994 5066 E.
1046 5018 1076 5068 E.
1088 5018 1123 5067 ix.
