3750 6250
664 1117 1053 1168 maronmaaamesna
1323 1102 1385 1164 121

288 1323 302 1374 ι
334 1304 420 1377 regui
438 1304 529 1377 Regis
552 1304 699 1371 Edwardi,
717 1305 846 1361 nondum
863 1305 1001 1370 coronati,
1020 1324 1039 1361 a
1057 1305 1233 1376 conquestu
1253 1303 1388 1377 Secundi,
1402 1306 1472 1358 RD.
1485 1311 1557 1358 1308.

334 1391 489 1455 secundus,
518 1390 613 1445 tenuit
637 1390 714 1445 idem
731 1408 783 1445 rex
807 1390 913 1445 Natalo
938 1390 1016 1462 apud
1043 1388 1110 1460 Wy,
1144 1390 1306 1445 manerium
1329 1389 1389 1445 Ab·

334 1474 414 1530 batis
432 1474 470 1529 de
489 1474 583 1537 Bello,
605 1491 673 1528 cum
692 1474 804 1529 familia
821 1473 915 1529 multa
931 1473 1029 1529 nimis.
1076 1472 1182 1528 Paucis
1201 1480 1267 1544 post
1283 1473 1390 1530 Natale
1402 1476 1514 1555 Edward
1521 1475 1558 1526 11.

288 1565 324 1609 ’θ’
335 1560 439 1615 diebus
464 1560 629 1624 mansactis,
649 1560 850 1614 transfretavit
867 1560 898 1614 iu
917 1558 1079 1622 Franciam,
1102 1564 1137 1613 ut
1154 1558 1245 1629 Regis
1264 1559 1388 1615 Franco·
1401 1556 1507 1594 ΜΕ*

288 1683 296 1732 Ι
334 1663 402 1700 rum
425 1644 515 1699 liliam
536 1645 567 1699 in
584 1661 703 1699 uxorem
730 1644 858 1709 duceret,
884 1643 1001 1698 nomine
1022 1642 1187 1705 Isabellam,
1211 1662 1276 1713 qum
1303 1643 1390 1714 paulo
1402 1610 1548 1741 ffiulognsst

298 1721 305 1734 ’
334 1729 402 1801 plus
424 1729 507 1784 aunis
526 1729 678 1784 duodecim
703 1727 806 1784 habuit
822 1728 854 1782 iu
872 1733 966 1782 rotate.
1018 1726 1172 1783 Commisit
1189 1733 1287 1781 autem
1305 1728 1389 1799 regni
1403 1742 1557 1801 ,mmmm

334 1813 497 1870 custodiam
508 1813 597 1869 Petro
608 1812 729 1884 praefato
740 1835 747 1879 3
768 1813 804 1867 ob
824 1830 911 1883 quam
930 1830 1049 1867 causam
1066 1829 1199 1866 murmur
1216 1812 1389 1867 immodicus
1403 1809 1525 1874 ὅππη·

288 1899 412 1956 asinar
428 1915 563 1969 proceros
580 1897 664 1968 regui
684 1897 837 1953 succrevit.
880 1896 1000 1968 Nuptiis
1019 1896 1050 1950 iu
1067 1895 1191 1950 Francia
1209 1897 1286 1967 apud
1304 1896 1390 1951 Bolo-

288 2037 292 2050 ,
335 1982 415 2036 uiam
434 1980 642 2052 ¹supraMare‚
657 1981 763 2052 quibus
782 1986 906 2051 quatuor
922 1980 1018 2050 Reges
1037 1979 1241 2044 iuterfuerunt,
1254 1979 1392 2036 videlieet

293 2057 326 2100 ¹¹⁶
336 2065 399 2120 Rex
424 2064 563 2129 Francia,
590 2065 668 2119 filius
696 2065 787 2135 Regis
813 2064 953 2128 Franciae,
982 2065 1045 2118 Rex
1071 2063 1261 2128 allemannia,
1282 2070 1311 2118 et
1328 2063 1391 2119 Rex

288 2172 325 2218 re,
338 2146 456 2213 Siciliae,
470 2148 624 2203 celebratis
637 2148 813 2212 solemniter,
828 2148 865 2202 ad
883 2166 1007 2219 regnum
1021 2147 1138 2217 Angliae
1149 2147 1308 2202 revertitur
1324 2164 1391 2202 cum

336 2249 435 2287 uxore.
486 2231 584 2302 Igitur
607 2250 742 2304 proceres
766 2239 923 2286 occurrunt
940 2232 1005 2302 regi
1024 2251 1077 2287 suo
1095 2232 1272 2304 conjugique
1290 2248 1388 2296 novae3

335 2321 367 2371 et
383 2334 402 2371 a
419 2317 532 2372 cunctis
551 2317 724 2379 elaboratur,
748 2316 813 2386 quis
832 2315 1050 2387 propensiorem
1067 2316 1206 2371 honorem
1224 2316 1391 2387 impendere

334 2400 429 2471 possit
442 2400 512 2455 illis.
551 2398 686 2454 Occurrit
703 2400 779 2454 iuter
797 2406 916 2454 caeteros
934 2399 997 2470 ipse
1015 2399 1131 2464 Petrus,
1146 2418 1232 2470 quem
1251 2417 1318 2454 mox
1329 2399 1392 2453 Rex
1406 2407 1496 2458 Sheva
1507 2422 1553 2458 an·

334 2483 366 2538 iu
391 2483 541 2555 amplexus
568 2483 722 2555 specialius
750 2483 930 2546 admittebat,
953 2489 983 2538 et
1010 2484 1183 2539 familiarius
1208 2483 1391 2555 respiciebat.
1405 2475 1554 2593 &Emer

1406 2615 1458 2659 ion.

334 2567 511 2623 Invidebant
528 2585 600 2638 orgo
617 2584 761 2639 proceres,
782 2566 834 2621 sed
851 2567 1010 2622 vindictam
1028 2568 1059 2623 in
1076 2575 1191 2639 tempus
1210 2568 1290 2623 aliud
1311 2568 1392 2623 diffe-

323 2643 460 2707 'rebant'

288 2743 324 2793 et.
373 2735 483 2790 Rodem
513 2753 596 2798 anno,
628 2743 708 2791 sexto
735 2735 883 2791 Kalendas
910 2735 1022 2800 Martii,
1051 2736 1098 2791 die
1128 2737 1265 2793 videlieet
1293 2735 1392 2792 Sancti
1405 2733 1558 2786 Gerounion

335 2818 470 2875 Matthiae
496 2818 639 2890 Apostoli,
667 2820 729 2874 Rex
759 2826 790 2875 et
816 2820 930 2888 Regina
956 2838 1024 2875 cum
1054 2820 1236 2876 solemnitate
1266 2821 1393 2875 maxima
1404 2802 1552 2852 “mm

294 2893 323 2937 ¹¹·
335 2903 415 2975 apud
432 2903 724 2959 westmonasterium
742 2904 779 2957 ab
798 2904 942 2975 Episcopo
958 2904 1169 2972 Wyutouiensi,
1190 2905 1392 2960 commissione
1403 2869 1539 3001 {iay

288 2994 304 3046 Ι,
335 2985 556 3058 Archiepiscopi
574 2986 791 3041 Cantuarieusis
810 2987 963 3051 exulantis,
983 2988 1137 3057 magnifice
1155 2994 1317 3043 coronatur.
1356 2988 1392 3042 In

336 3069 384 3126 die
411 3088 469 3142 quo
499 3070 561 3125 Rex
592 3070 715 3126 debebat
746 3070 887 3135 coronari,
919 3088 1017 3125 coram
1047 3070 1157 3125 Karolo
1184 3079 1214 3127 et
1240 3071 1392 3128 Lodewieo

336 3154 510 3219 Comitibus,
530 3156 642 3225 patruis
661 3154 792 3225 Regiuae,
814 3155 947 3209 Iohanne
965 3154 1048 3210 Duce
1068 3155 1242 3219 Brabantiae,
1266 3164 1296 3211 et
1313 3156 1392 3211 Mar-

336 3245 439 3310 gareta
465 3238 599 3304 Ducissa,
629 3239 743 3294 Gemite
770 3239 931 3303 Sabaudise‚
958 3246 988 3294 et
1013 3239 1115 3294 multis
1142 3239 1208 3295 aliis
1235 3240 1390 3305 nobilibus,
1405 3251 1565 3306 counaels'of

336 3328 536 3378 tractaverunt
554 3322 682 3378 Comites
701 3330 732 3378 et
749 3322 878 3378 Berones
896 3322 981 3393 regui
1009 3323 1126 3393 Anglisa
1144 3323 1181 3377 do
1200 3330 1277 3379 statu
1296 3324 1390 3395 regni,
1405 3320 1545 3397 thepoblffl

336 3407 540 3478 petierrmtquo
559 3425 577 3461 a
594 3407 676 3477 Rege
694 3407 868 3461 amotionem
894 3406 976 3461 Petri
994 3406 1031 3461 de
1050 3406 1228 3463 Gaversmue
1246 3426 1264 3462 a
1281 3426 1390 3478 reguo;
1404 3392 1505 3452 “Bm“

337 3490 389 3545 sed
407 3490 470 3545 Rex
488 3490 581 3546 noluit
598 3491 770 3546 consentire.
808 3490 922 3545 Idcirco
940 3498 1154 3562 proposuerunt
1166 3492 1294 3548 Comites
1313 3510 1392 3548 coro·
1406 3453 1542 3506 (ΝΜ

337 3575 484 3630 nationem
511 3576 624 3644 regiam
654 3575 806 3646 impedire.
856 3573 939 3643 Quod
967 3575 1030 3630 Rex
1056 3576 1233 3646 intelligens,
1258 3577 1395 3649 promisit

337 3658 412 3713 bona
442 3658 497 3713 fide
532 3676 563 3713 se
600 3660 746 3714 facturum
772 3657 831 3713 illis
860 3658 890 3712 in
919 3658 1116 3715 I'arliameuto
1148 3661 1279 3732 proximo
1313 3661 1393 3732 quio·

338 3741 410 3812 quid
435 3748 576 3813 peterent,
605 3747 718 3796 tantum
745 3760 781 3796 ne
807 3743 954 3798 coronatio
972 3743 1131 3800 differatur.
1169 3745 1300 3810 Interim,
1331 3745 1395 3800 Rex
1408 3768 1560 3831 gudam.

339 3825 419 3880 misit
448 3832 514 3896 post
541 3823 652 3895 Regale
679 3826 777 3881 Sancti
808 3825 945 3881 Edwardi
975 3828 1006 3882 in
1033 3827 1156 3884 ecclesia
1185 3828 1393 3885 monachorum
1407 3835 1505 3885 ferenes

339 3908 456 3972 ibidem,
484 3908 515 3962 in
533 3925 591 3979 quo
618 3914 684 3979 post
709 3908 832 3964 Missam
856 3910 950 3964 estin
968 3911 1110 3981 palatium
1134 3911 1336 3978 ³reversnrns,
1363 3919 1394 3968 et
1406 3901 1533 3950 ⁸¹¹⁰an

339 3991 375 4046 ad
399 3991 553 4062 prandium
572 4000 617 4047 est
634 4011 777 4049 sessurus.
815 3993 1013 4050 cancellarius
1031 3997 1116 4067 regni
1134 4003 1164 4051 et
1182 3997 1393 4052 Thesaurarius
1405 3968 1533 4083 mem

340 4073 375 4129 de
389 4075 457 4147 jure
474 4082 591 4147 portare
609 4075 715 4132 debent
732 4077 853 4132 calicem
873 4077 973 4133 Sancti
991 4077 1128 4134 Edwardi
1145 4097 1212 4134 cum
1230 4087 1343 4151 patena,
1366 4080 1392 4133 si
1406 4099 1515 4149 cm..

339 4159 501 4230 presbyteri
527 4160 732 4224 sacristaniae
750 4161 880 4231 Regem:
910 4160 1032 4217 tradidit
1057 4168 1155 4217 autem
1173 4163 1236 4217 Rex
1253 4181 1311 4218 uon
1329 4162 1392 4232 qui·
1406 4164 1469 4216 tion.

340 4241 393 4297 bns
401 4242 532 4308 debebat,
545 4244 596 4299 scd
607 4243 770 4299 voluntarie
783 4245 982 4316 portiunculas
994 4245 1114 4316 Regalis
1129 4247 1226 4301 Sancti
1245 4245 1391 4311 Edwardi‚

341 4334 411 4397 puta
440 4345 567 4393 crucem,
599 4335 756 4399 sceptrum,
790 4330 913 4400 virgam,
944 4329 1078 4394 calcaria,
1114 4337 1144 4385 et
1180 4330 1312 4401 gladios3
1342 4330 1394 4386 sed

341 4427 475 4467 coronam
494 4412 593 4467 Sancti
611 4412 748 4468 Edwardi
768 4413 889 4468 tradidit
906 4414 995 4470 Petro
1012 4414 1049 4468 ad
1067 4414 1241 4485 portandum
1259 4414 1393 4470 manibus
1472 4418 1477 4429 '

342 4494 509 4567 inquinatis,
529 4514 564 4550 ox
583 4515 640 4567 quo
661 4515 718 4553 nou
744 4497 890 4553 immerito
915 4498 1059 4569 indignati
1078 4504 1146 4554 sunt
1163 4497 1287 4569 populus
1305 4505 1394 4570 atque

343 4577 445 4636 clerus.
484 4581 555 4637 Fuit
579 4588 677 4638 autem
702 4581 744 4637 ibi
772 4589 854 4637 tanta
878 4582 1057 4654 compressio
1083 4581 1194 4653 populi,
1214 4592 1248 4637 ut
1274 4583 1393 4654 quidam

348 4769 867 4786 Q—————-—-—-————

378 4902 384 4932 ¹
390 4903 466 4968 juta
478 4903 506 4952 in
518 4902 651 4954 Camdeu's
662 4911 724 4956 text.
892 4903 1108 4955 somevbstmore
1117 4906 1326 4971 amplifledform.

376 4982 453 5033 ²lue
472 4984 551 5033 above
570 4984 665 5048 closely
682 4984 846 5048 corresponds
925 4986 1055 5035 ’reusam
1065 4984 1093 5033 in
1104 4984 1147 5034 the
1158 4984 1257 5049 printed
1268 4994 1341 5038 texta.

348 5061 406 5112 villi
418 5063 574 5122 Taleton,
587 5064 631 5112 bat
649 5063 671 5112 is
688 5063 765 5127 given
785 5062 812 5112 ia
831 5078 847 5112 a
