3750 6250
733 1101 896 1153 HISTORIA
909 1101 1114 1156 suentense.

710 1350 992 1419 Particum-atain
1013 1352 1184 1422 Lmedini.

302 1511 312 1557 ι,
325 1509 393 1560 Bibl.
458 1494 516 1551 Per
545 1498 623 1553 idem
653 1505 767 1572 tempus
797 1508 929 1558 coactum
959 1511 1004 1559 est
1033 1501 1262 1559 Parliamentnrn
1291 1502 1631 1569 Londoniis;A.D.1377.

302 1590 320 1651 5-
336 1582 366 1625 13
424 1580 502 1651 qued
514 1600 532 1635 a
543 1583 618 1637 feste
629 1583 783 1641 Michaelis
802 1605 897 1658 usque
917 1588 954 1642 ad
974 1588 1081 1643 festum
1100 1588 1185 1642 Beati
1196 1586 1321 1641 Androm
1334 1586 1467 1657 Apostoli
1478 1597 1632 1647 parliament

302 1656 336 1693 ¹¹·
423 1666 592 1735 protelatur.
630 1668 667 1722 In
686 1687 720 1723 eo
739 1669 936 1727 Parliamento
954 1673 1035 1727 fuere
1057 1690 1130 1743 pene
1154 1689 1253 1726 omnes
1272 1671 1380 1725 milites
1401 1689 1467 1725 cum
1479 1670 1505 1713 at
1519 1664 1632 1714 1³⁰¹¹sl⁰¹h

423 1749 563 1819 praedioto
587 1751 713 1807 Domino
740 1753 829 1809 Petro
854 1756 890 1810 de
917 1755 947 1810 la
976 1756 1068 1821 Mare,
1098 1756 1148 1828 qui
1176 1757 1217 1811 ita
1243 1755 1380 1811 nobiliter
1403 1772 1467 1826 per·

423 1833 561 1890 stiterunt
581 1836 611 1890 in
632 1855 666 1891 eo
685 1836 890 1904 Parliamento,
905 1840 983 1911 quod
997 1843 1016 1867 “
1025 1841 1139 1895 Bonum
1149 1839 1166 1863 ’⁸
1180 1841 1284 1895 merito
1296 1839 1467 1911 appellatur,

423 1936 476 1988 pre
498 1919 677 1977 incremento
700 1923 803 1992 patriae
833 1930 920 1995 atque
951 1924 1036 1996 regni
1075 1925 1234 1980 commodo.
1284 1924 1337 1978 Hii
1370 1924 1468 1993 itaque

424 2010 602 2058 resumentes
621 2006 775 2076 petitiones
803 2025 871 2061 suas
897 2026 931 2062 eo
956 2010 987 2061 in
1012 2009 1075 2063 loeo
1101 2025 1158 2079 que
1182 2009 1265 2079 prius
1287 2008 1466 2070 dimiserant,

423 2086 591 2143 institerunt
603 2107 655 2160 pre
675 2090 841 2146 bannitione
861 2092 942 2146 illius
954 2092 1058 2147 Aliciae
1070 2092 1203 2157 Percres,
1218 2111 1292 2163 quse,
1305 2097 1469 2162 contempto

424 2170 539 2226 Statuto
560 2173 759 2239 Parliamenti,
782 2182 812 2231 et
828 2176 996 2247 juramento
1016 2195 1073 2248 que
1093 2195 1125 2232 se
1144 2178 1326 2240 astrinxerat,
1350 2177 1469 2231 Curiam

423 2255 513 2325 Regis
532 2256 647 2327 ingredi
666 2277 736 2313 ausa
761 2260 827 2325 fuit,
847 2261 884 2315 ad
903 2260 1084 2316 suadendum
1102 2267 1131 2316 et
1149 2259 1362 2331 impetrandum
1381 2261 1469 2314 abeo

421 2358 602 2412 quacunque
621 2342 677 2396 sibi
695 2343 851 2413 placerent.
890 2344 971 2413 Quia,
995 2345 1128 2416 quamvis
1148 2345 1247 2415 plures
1269 2362 1304 2398 ex
1324 2344 1466 2409 Dominis,
1480 2353 1587 2416 Diogenes
1600 2356 1626 2398 or

421 2430 452 2478 ot
470 2442 569 2480 omnes
590 2425 778 2498 legisperitos
798 2428 916 2500 Angliai
937 2431 1061 2501 pecunia
1088 2430 1274 2500 corrupisset,
1295 2429 1347 2499 qui
1364 2446 1417 2499 pre
1434 2405 1634 2500 eafflffifffi'

420 2525 478 2562 non
496 2515 609 2565 tentum
629 2512 752 2577 occulte,
775 2513 827 2567 sed
848 2513 975 2584 publico,
996 2514 1170 2584 allegarunt,
1196 2513 1349 2584 diligentia
1373 2508 1616 2610 tamcnfffiffi

422 2599 453 2646 et
470 2593 613 2664 sapientia
633 2596 839 2666 praedictorum
858 2598 986 2652 militum
998 2615 1047 2652 ore
1060 2616 1113 2652 suo
1125 2598 1257 2652 convicta
1267 2597 1467 2667 prescribitur,
1480 2610 1549 2653 sioni.

422 2677 555 2732 omnibus
585 2678 668 2733 benis
699 2680 770 2745 suis,
801 2681 958 2736 mobilibus
989 2692 1020 2736 et
1049 2682 1257 2744 immobilibus,
1288 2681 1358 2736 fisce
1386 2680 1470 2751 regio

418 2759 568 2830 judicatis.
619 2762 788 2819 ¹Goncessm
826 2772 895 2820 sunt
931 2769 1027 2820 autem
1060 2765 1091 2819 in
1120 2766 1298 2836 adjuterium
1328 2764 1405 2834 Regi
1434 2765 1470 2819 ab
1484 2768 1564 2819 Grant
1575 2767 1602 2815 in

422 2844 555 2900 Ecclesia
578 2851 609 2901 et
630 2848 709 2902 clero
733 2848 798 2903 duae
822 2850 953 2914 decimae,
979 2850 1081 2904 eedem
1104 2867 1179 2904 anno
1203 2850 1411 2920 persolvendus,
1436 2836 1611 2902 „anidbythe

422 2935 518 2984 tamen
548 2932 721 2997 conditione,
752 2940 787 2988 ut
815 2933 953 2988 videlieet
976 2934 1039 2988 Rex
1062 2933 1098 2988 de
1122 2940 1228 2988 enitere
1251 2933 1391 3003 populum
1414 2950 1471 2986 non
1482 2901 1585 3016 fflmh

423 3020 526 3083 gravet
562 3013 670 3070 talibus
699 2993 907 3087 petitionibus,
948 3016 1145 3087 extorquendo
1181 3017 1334 3088 pecuniam
1371 3016 1468 3071 subdi·
1483 3035 1586 3099 Clergy.

423 3105 528 3162 torum,
555 3097 607 3153 sed
632 3099 668 3154 de
694 3100 755 3156 suis
778 3102 860 3156 uvat
883 3106 914 3156 et
924 3102 1075 3156 continuet
1098 3117 1236 3172 guerram
1259 3118 1360 3167 suem;
1380 3098 1472 3171 ²quia

422 3182 534 3252 utique,
566 3190 653 3253 prout
679 3202 852 3256 responsum
889 3186 985 3240 fuerat
1019 3185 1137 3248 ibidem,
1170 3185 1244 3239 bona
1273 3203 1327 3240 sua
1355 3184 1472 3254 propria

423 3267 535 3336 rogalia
554 3267 610 3322 sibi
629 3269 785 3333 sufficiunt,
805 3277 866 3324 tam
887 3269 924 3322 ad
944 3269 1035 3338 regia
1051 3268 1153 3323 demus
1165 3268 1371 3323 exhibitionem
1383 3286 1471 3338 quam

423 3349 461 3403 ad
484 3369 599 3421 guerrae
623 3354 873 3418 sustentationem,
899 3353 925 3407 si
950 3353 1052 3406 eadem
1082 3353 1157 3406 bona
1179 3353 1329 3406 ministros
1353 3352 1470 3405 idoneos

424 3436 589 3490 sortiantur.
626 3436 665 3491 Et
685 3437 815 3509 deputati
834 3442 904 3491 sunt
924 3436 962 3490 ed
980 3436 1068 3506 hujus
1088 3436 1219 3506 pecuniae
1240 3435 1403 3489 custodiam
1413 3435 1471 3490 duo
1580 3499 1585 3507 ¹

423 3517 502 3574 cives
514 3518 739 3588 Londoniarurn,
753 3520 919 3578 Willelmus
931 3519 1093 3576 Walworth
1104 3525 1135 3575 et
1147 3519 1167 3574 J
1168 3520 1294 3574 ohannes
1306 3518 1444 3591 Philipot.

676 3746 821 3836 Aetolici
842 3769 938 3815 more
959 3746 1221 3834 digrediantur.

459 3912 545 3968 Circa
564 3917 679 3983 tempus
699 3911 782 3978 illud,
802 3911 953 3968 audientes
969 3910 1090 3983 Anglici
1110 3908 1329 3966 multitudinem
1353 3911 1470 3967 navium
1484 3919 1528 3970 An
1539 3920 1608 3984 Eng·

423 3999 621 4070 Hispanorum
646 3998 723 4069 apud
754 3996 908 4068 Sclusyam
936 3998 1016 4053 venti
1046 3997 1169 4068 penuria
1192 3995 1325 4061 detineri,
1351 3995 1472 4050 collecta
1483 3987 1534 4037 lissh
1544 3986 1603 4037 flfflt

423 4085 507 4153 cepia
523 4089 709 4146 armatorum,
733 4100 799 4137 cum
820 4082 933 4153 ingenti
952 4083 1044 4137 classe
1062 4098 1143 4135 mare
1155 4079 1270 4151 ingredi
1282 4080 1468 4141 meditantur,
1482 4060 1638 4171 ff‘ssiffi‘g

422 4167 571 4238 cupientes
592 4168 635 4222 eis
654 4167 749 4222 vicem
769 4166 929 4238 rependere
951 4185 1004 4237 pre
1026 4165 1139 4220 damnis
1158 4183 1223 4236 quoe
1241 4164 1346 4234 Anglis
1359 4163 1469 4233 irroga·
1485 4135 1621 4250 gffnifflds

422 4258 534 4316 verant,
565 4252 692 4306 ferentes
722 4251 865 4306 auxilium
895 4251 990 4306 Gallis
1017 4255 1118 4305 aestate
1145 4248 1334 4320 praecedente.
1380 4247 1471 4318 Cujus
1485 4260 1510 4304 at
1522 4253 1606 4330 Sluys,

423 4334 524 4389 elassis
542 4335 630 4406 primi
648 4336 739 4399 fuere,
753 4334 896 4390 Dominus
909 4335 1034 4390 Thomas
1046 4332 1205 4388 Wodestok
1217 4330 1321 4386 Comes
1333 4330 1472 4400 Bukyng·
1486 4323 1531 4369 but
1542 4321 1628 4435 ¹21⁶ss-

423 4419 536 4482 hamiae,
562 4417 629 4472 Dux
652 4418 823 4483 Britanniae,
849 4419 992 4473 Dominus
1017 4418 1053 4471 do
1074 4417 1212 4480 Latimer,
1236 4415 1376 4469 Dominus
1396 4414 1473 4468 Fitz·
1486 4403 1556 4504 {eme
1584 4403 1639 4437 ¹⁰²¹

423 4501 552 4564 Wauter,
576 4501 718 4556 Dominus
742 4502 888 4556 Rebertus
912 4501 1044 4564 Knollos,
1070 4507 1101 4556 et
1115 4499 1247 4554 nonnulli
1274 4499 1325 4552 alii
1343 4497 1473 4553 valentes

424 4605 491 4640 cum
503 4587 561 4651 eis3
582 4587 633 4656 qui
645 4585 655 4616 ³
666 4584 723 4656 [in]
738 4587 875 4657 ingressu
886 4587 978 4640 maris
991 4602 1099 4639 saevam
1111 4585 1223 4656 experti
1236 4590 1304 4638 sunt
1317 4584 1470 4641 fortunam.

423 4669 501 4724 Nam
524 4669 648 4723 nimium
674 4670 845 4740 insurgente
868 4676 956 4724 vento
980 4669 1131 4737 imbreque
1154 4668 1269 4732 nocivo,
1295 4684 1361 4721 mox
1384 4662 1473 4722 naves

1500 4463 1571 4504 wrm.

427 4842 454 4848 ...-
467 4842 564 4847 ..-..,.-...
571 4843 696 4848 ---..-.-..
801 4843 813 4846 -v
822 4842 853 4846 —-
866 4843 886 4846 »-
897 4842 921 4847 ...
934 4841 982 4847 --.--
994 4839 1472 4846 ψ-..ω---ᾳ--Μ-

459 4969 464 4997 ¹
481 4967 601 5017 Concessa
612 4967 639 5016 in
649 4969 692 5018 the
702 4968 801 5032 printed
812 4973 888 5018 texts.
1009 4966 1018 4997 ³
1030 4964 1149 5030 Supplied
1160 4966 1224 5016 from
1235 4967 1304 5018 Bibl.
1316 4966 1379 5033 Reg.
1394 4973 1423 5016 13
1445 4966 1473 5015 E.

457 5047 730 5111 ²ouoeinthepnnted
741 5055 815 5098 texts
976 5051 1012 5100 ix.
1044 5049 1155 5100 Omitted
1166 5049 1191 5098 in
1204 5051 1246 5100 the
1258 5052 1357 5116 printed
1368 5058 1442 5101 texe.
