3750 6250
521 1077 565 1139 58
811 1091 942 1141 mom
963 1091 1203 1144 anismam

353 1286 421 1340 AD.
434 1293 505 1340 12⁹6.
518 1288 615 1342 ratum
633 1281 929 1352 hagustaldensem,
947 1282 998 1337 ¹et
1016 1282 1045 1337 in
1070 1282 1181 1347 eodem
1200 1281 1382 1354 fugientibus
1399 1282 1564 1350 Canonicis,
1576 1293 1680 1412 Ἢ

328 1373 335 1385 ’
518 1384 550 1421 se
569 1366 762 1438 quartaldus
787 1366 899 1438 Aprilis
926 1374 1108 1437 receperimt.
1146 1366 1233 1422 Mane
1250 1385 1320 1422 vero
1345 1368 1431 1433 lacto,
1450 1361 1633 1424 Priora-¹¹⁸·

517 1455 580 1504 tum
599 1468 666 1504 cum
684 1457 745 1504 tota
761 1450 833 1504 villa
859 1450 992 1505 incendio
1019 1450 1234 1506 destruxerunt
1271 1450 1425 1522 Progressi
1443 1451 1512 1506 indo
1529 1428 1679 1546 sdgessmn

516 1532 634 1587 domum
653 1534 822 1588 monialium
840 1533 877 1588 ds
895 1534 1045 1605 Ramelay,
1065 1533 1256 1605 domibusque
1282 1534 1467 1604 quibasdam,
1486 1534 1568 1590 salva

516 1616 648 1681 ecclesia,
669 1620 803 1682 incensis,
823 1636 891 1673 cum
909 1619 1020 1688 ingenti
1040 1617 1139 1689 praeda
1156 1619 1186 1672 in
1205 1618 1333 1674 Sootiam
1350 1626 1547 1675 revertuntur.

462 1750 473 1759 .
551 1702 662 1756 Eodem
691 1709 830 1786 tempore,
862 1703 1009 1756 Patricius
1037 1702 1140 1756 Comes
1170 1702 1207 1756 de
1237 1701 1367 1765 Dunbar,
1388 1701 1426 1756 ad
1452 1703 1566 1774 Ibgem

516 1785 633 1856 Angliae
659 1788 787 1851 veniens,
815 1803 846 1840 se
872 1785 967 1839 eidem
997 1803 1064 1840 cum
1089 1795 1151 1840 tota
1177 1803 1232 1840 sua
1255 1793 1397 1857 potestate
1424 1787 1564 1843 subdidit

469 1894 476 1905 ·
516 1869 651 1924 Castrum
669 1870 706 1925 de
725 1871 845 1925 Dunbar
865 1872 893 1923 in
913 1871 987 1924 festo
1000 1870 1098 1924 Sancti
1114 1869 1244 1935 Martini,
1258 1870 1409 1926 obsessum
1427 1889 1446 1926 a
1458 1871 1564 1937 Scotis,

515 1954 615 2008 fraude
640 1954 821 2025 quorundam
845 1955 875 2007 in
906 1970 941 2007 eo
970 1954 1167 2016 existentium,
1194 1953 1341 2008 redditum
1370 1961 1417 2009 est
1442 1955 1563 2010 eisdem.

514 2036 572 2091 Pro
602 2057 659 2109 quo
698 2037 903 2109 recuperando,
935 2037 1018 2092 misit
1048 2038 1110 2090 Rex
1141 2037 1304 2091 Johannem
1335 2037 1491 2109 Sourreyae
1536 2046 1567 2094 et

514 2122 704 2187 Southsexiae,
736 2131 767 2176 ct
795 2121 977 2176 Willelmum
1006 2120 1153 2186 warwici,
1186 2121 1323 2187 Comites,
1355 2140 1423 2176 cam
1459 2122 1567 2179 militia

512 2224 619 2277 magna
643 2206 737 2261 ualde.
785 2205 897 2273 Quibus
931 2206 1139 2275 superveniens
1167 2206 1319 2261 Scotorum
1349 2207 1505 2273 exercitus,
1533 2215 1567 2263 ut

513 2290 638 2345 obsessis
657 2293 747 2344 lerret
764 2290 915 2352 auxilium,
934 2289 1079 2360 excipitur
1103 2308 1204 2361 pugna
1228 2290 1310 2345 daia.
1347 2291 1565 2361 Effugientibus

346 2381 486 2434 Theseos,
512 2372 645 2429 ²taudem
673 2374 775 2437 scotis,
804 2374 997 2444 insequuntur
1023 2373 1142 2444 Anglici
1169 2393 1222 2446 per
1247 2383 1312 2429 octo
1335 2374 1484 2440 milliaria,
1503 2378 1564 2431 lero

345 2449 466 2502 delmi
513 2477 605 2530 usqne
624 2459 661 2512 ad
680 2460 817 2513 forestam
836 2458 871 2512 de
891 2458 1057 2522 Selebarke,
1079 2465 1208 2528 stragem
1235 2460 1356 2513 nimiam
1384 2460 1561 2526 inserentcs3

512 2544 553 2598 its
580 2550 613 2598 nt
631 2544 791 2597 occisorum
818 2560 957 2596 numerus
983 2542 1019 2596 ad
1045 2542 1145 2596 decem
1172 2542 1267 2597 millia
1291 2543 1442 2598 hominum
1468 2546 1564 2600 fuerat

510 2628 681 2681 aestimatas.
715 2626 840 2682 Sabbato
859 2634 1006 2698 sequente,
1021 2625 1158 2680 videlicet
1175 2625 1289 2680 decimo
1301 2635 1402 2681 octavo
1413 2627 1562 2684 Kalendas

510 2710 592 2775 Maii,
620 2711 695 2780 Regi
724 2710 887 2764 advenienti
914 2710 1061 2764 redditam
1088 2718 1134 2764 est
1159 2717 1305 2773 castrum3
1340 2710 1369 2764 in
1398 2729 1457 2782 quo
1482 2713 1560 2783 capti

510 2801 579 2848 sunt
597 2793 725 2848 Comites
750 2800 820 2858 tros,
847 2793 883 2846 de
909 2793 1052 2856 Monotes,
1079 2799 1110 2848 et
1133 2792 1169 2847 de
1194 2793 1324 2857 Ascales,
1353 2803 1384 2848 et
1409 2795 1446 2849 de
1465 2795 1559 2861 Roos;

509 2878 638 2932 Berones
655 2896 723 2931 vero
742 2896 801 2941 sex,
816 2877 836 2931 J
837 2878 963 2932 chamies
976 2878 1088 2947 Comyn
1102 2878 1212 2948 junior,
1226 2877 1392 2932 Willelmus
1405 2878 1442 2933 de
1455 2880 1561 2935 Sancto

509 2961 605 3020 Claro.
627 2962 770 3016 Ricardus
787 2961 930 3016 'Sisardi
951 2962 1056 3024 senior,
1079 2961 1227 3015 Joharmes
1257 2961 1293 3015 do
1321 2962 1558 3030 Hincmaritimo,

508 3045 672 3101 Alexander
699 3046 734 3100 de
753 3045 908 3110 Mursmin,
929 3044 1101 3099 Edmundus
1119 3044 1233 3116 Compar
1257 3045 1294 3098 do
1313 3045 1471 3111 Killebrid,
1492 3065 1558 3103 cum

507 3131 573 3186 aliis
604 3131 747 3186 militibus
773 3131 881 3201 viginti
910 3148 1024 3194 norem,
1056 3130 1171 3185 clericis
1201 3129 1323 3195 duobus,
1351 3138 1381 3186 et
1411 3133 1558 3188 scutiferis

506 3217 654 3287 octoginta
671 3217 782 3279 tribus;
803 3234 875 3286 quos
894 3215 931 3270 ud
944 3214 1060 3268 diversa
1071 3222 1167 3268 castra
1178 3215 1296 3285 Angliau
1308 3216 1371 3269 Rex
1383 3218 1556 3284 transmisit,

506 3300 537 3354 in
555 3301 686 3356 custodia
704 3300 882 3355 detinendos.
914 3299 987 3353 Post
998 3299 1160 3369 captionem
1172 3300 1261 3354 castri
1274 3299 1310 3352 do
1322 3299 1445 3355 Dunbar
1455 3303 1557 3373 paucis

341 3373 396 3423 Th?
404 3381 494 3427 ⁰³³1th
506 3383 608 3439 diebus
631 3384 819 3455 interpositis,
849 3383 974 3438 accessit
998 3382 1061 3435 Rex
1079 3388 1208 3436 castrum
1227 3381 1457 3454 Rokosburgiae3
1479 3385 1556 3456 quod

340 3443 450 3491 ⁰fR⁰¹'
506 3469 606 3521 statim
635 3468 781 3521 redditum
813 3474 858 3521 cst
888 3468 915 3519 ei
943 3485 960 3520 a
989 3465 1154 3519 Senescallo
1180 3465 1295 3529 Scotiae‚
1323 3467 1411 3521 salvis
1436 3469 1498 3523 vita
1527 3475 1557 3525 et

340 3509 491 3643 iffi&
505 3552 644 3605 membris
663 3552 728 3607 sibi.
750 3559 779 3605 et
797 3552 858 3604 suis
878 3550 929 3620 qui
949 3567 1048 3603 secum
1066 3560 1149 3603 erant
1166 3550 1197 3603 in
1215 3557 1320 3604 castro.
1358 3551 1472 3606 Deinde
1490 3571 1556 3624 pro·

340 3642 422 3692 taken.
505 3635 639 3705 graditur
657 3635 693 3689 ad
712 3636 847 3689 Castrum
874 3633 1053 3697 Puellarum,
1082 3634 1159 3702 quod
1185 3644 1250 3687 octo
1275 3635 1377 3689 diebus
1405 3637 1554 3692 obsidione

506 3729 702 3788 expugnatum
730 3727 783 3773 est.
811 3718 979 3771 custodibus
1007 3717 1071 3787 ejus
1090 3719 1151 3771 vita
1178 3726 1208 3772 ct
1232 3719 1371 3773 membris
1390 3723 1551 3777 concessis:

505 3809 703 3872 verteruntque
723 3802 761 3854 ibi
783 3801 943 3855 Wallcnses
963 3799 998 3854 ad
1020 3800 1132 3870 Regem
1151 3800 1263 3871 pedites
1282 3803 1313 3855 in
1331 3821 1438 3872 magna
1454 3805 1553 3859 multi·

504 3885 613 3948 tudine,
634 3892 664 3940 et
681 3886 795 3939 remisit
812 3885 874 3937 Rex
893 3887 954 3937 sere
973 3885 1003 3937 in
1021 3883 1122 3937 cuidem
1141 3902 1261 3938 numero
1279 3885 1420 3955 Anglicos
1439 3888 1553 3957 pedites

503 3970 649 4037 fatigatos.
685 3968 834 4023 decedens
853 3967 957 4021 deinde
975 3966 1012 4020 ad
1030 3976 1158 4021 castrum
1176 3967 1212 4022 de
1232 3967 1398 4039 Stryvelyn,
1427 3989 1552 4026 vacuum

502 4054 576 4107 illud
595 4054 713 4116 invenit,
734 4052 901 4107 custodibus
920 4051 1041 4121 dilapsis
1060 4051 1090 4104 in
1108 4051 1218 4121 fugam.
1266 4051 1341 4105 llluc
1360 4071 1427 4106 eum
1445 4056 1553 4111 militia

501 4156 554 4191 suri
584 4137 619 4190 do
646 4137 789 4190 Hibernia
812 4137 893 4190 venit
922 4135 1027 4189 Comes
1053 4134 1188 4198 Ultonise,
1215 4135 1246 4188 in
1272 4136 1434 4191 subsidium
1459 4139 1551 4211 Regis

500 4222 601 4275 nostri.
640 4221 703 4275 Rex
729 4226 826 4275 autem
853 4236 932 4272 mare
960 4218 1144 4273 Scoticanum
1170 4225 1379 4290 transgressus,
1408 4222 1490 4276 venit
1514 4224 1551 4278 ad

499 4305 599 4359 villam
620 4305 717 4359 Sancti
738 4302 878 4358 Johannis
897 4300 933 4356 de
952 4302 1031 4366 Port,
1053 4303 1083 4356 in
1101 4304 1176 4357 leste
1195 4303 1293 4357 Sancti
1313 4303 1454 4359 Johaimis
1473 4306 1550 4379 Bap-

499 4390 585 4449 tista.
605 4390 665 4453 nbi,
687 4388 868 4444 solemnitate
886 4394 1012 4457 paracta,
1032 4405 1085 4457 per
1102 4387 1215 4456 aliquos
1235 4387 1297 4442 dies
1315 4389 1431 4445 mansit.

335 4476 415 4527 baliol
424 4495 480 4531 sues
534 4473 612 4527 Dum
637 4475 700 4528 limo
728 4481 893 4543 agerentur,
914 4470 1015 4524 videns
1043 4470 1190 4524 «lohannes
1215 4470 1367 4526 Scotorum
1387 4473 1450 4527 Rex
1477 4477 1547 4546 quia

333 4544 370 4593 f⁰f
381 4561 463 4609 lme-
497 4573 555 4609 uon
580 4557 699 4611 haberet
725 4563 898 4627 partesbitem
923 4554 1087 4614 resistendi,
1110 4554 1208 4608 missis
1233 4555 1270 4609 ad
1297 4557 1410 4626 Regem
1427 4557 1545 4629 Angliae

497 4639 621 4704 nunciis,
640 4657 740 4711 pacem
759 4649 788 4695 et
806 4637 1035 4695 miscricordiam
1054 4637 1228 4709 imploravit.
1266 4639 1322 4694 Cui
1339 4640 1402 4694 Rex
1419 4641 1545 4714 benigue

531 4934 609 4986 'This
626 4935 696 4984 sord
717 4933 740 4981 is
762 4933 924 4998 superfluous,
947 4935 998 4986 md
1070 4935 1180 4984 ²turritum
1189 4934 1216 4984 in
1228 4935 1362 4987 Camdeu's
1373 4944 1436 4988 text

496 5016 629 5067 uotloand
641 5011 830 5076 inRishauger.
1071 5014 1422 5081 'Siuardasiutheprintid
1434 5026 1508 5069 texts:
