3750 6250
498 1075 562 1137 240
821 1092 951 1142 ruoua
974 1091 1206 1145 wansrnonan

328 1268 398 1320 AB·
410 1273 481 1321 1341.
533 1278 551 1301 “
562 1274 648 1339 Item,
668 1275 737 1346 quia
754 1276 892 1347 temporis
911 1275 1023 1331 malitia
1040 1276 1155 1330 clericis
1182 1274 1272 1330 laicos
1293 1274 1390 1331 reddit
1407 1276 1543 1345 infestes,
1559 1288 1658 1342 mlh

496 1359 516 1384 “
535 1358 606 1412 adco
625 1360 702 1429 quod
720 1361 797 1429 ipsos
815 1361 934 1429 capiunt
951 1367 981 1415 et
992 1359 1123 1414 detinent
1133 1360 1249 1422 invitos,
1263 1366 1314 1414 ant
1326 1378 1384 1430 quo
1395 1360 1547 1419 voluerint
1559 1363 1613 1408 ⁶⁵&

496 1444 515 1467 “
535 1441 615 1495 abire
632 1443 723 1497 libere
741 1462 797 1497 non
816 1445 1007 1514 permittunt;
1033 1460 1085 1497 nos
1104 1461 1202 1497 omnes
1221 1450 1251 1497 et
1269 1444 1400 1513 singulos
1418 1444 1543 1503 clericos
1556 1421 1658 1556 m

496 1527 515 1551 “
535 1531 564 1580 et
593 1526 691 1591 laicos,
722 1534 829 1583 nostrae
866 1528 1086 1583 cantuariensis
1122 1527 1284 1582 Prorineiae
1314 1528 1457 1594 subditos,
1490 1548 1654 1626 qurwn,

496 1612 515 1635 “
535 1610 658 1666 scientes
685 1627 749 1666 esse
781 1611 911 1676 clericos,
940 1616 971 1667 et
994 1611 1111 1681 publice
1137 1628 1172 1666 ao
1200 1611 1311 1666 noterio
1341 1628 1395 1682 pro
1423 1611 1606 1674 cleriorum

496 1695 514 1719 ‘⁶
533 1693 646 1749 habitos
671 1700 702 1751 et
727 1701 885 1767 reputatos,
911 1701 943 1750 et
968 1696 1056 1749 etiam
1084 1711 1114 1749 se
1135 1699 1269 1765 gerentes
1287 1694 1324 1749 de
1341 1695 1466 1751 crimine
1483 1714 1542 1753 non

496 1778 515 1802 “
534 1777 688 1843 confessos,
708 1797 765 1834 non
792 1779 949 1843 convictos,
977 1795 1031 1833 nec
1056 1778 1144 1833 etiam
1168 1778 1331 1843 indictatos,
1352 1780 1383 1836 in
1408 1781 1542 1837 custodia

495 1863 515 1887 ‘⁴
533 1860 580 1915 vel
616 1879 730 1918 carcere
765 1868 877 1934 ponunt
911 1868 943 1918 et
977 1861 1108 1917 detinent
1142 1879 1216 1917 ausu
1252 1862 1397 1935 sacrilego
1431 1865 1541 1921 invitos

495 1947 514 1971 ‘⁸
533 1946 695 2011 temerarie,
708 1947 740 2000 in
751 1964 821 2002 casu
839 1964 857 2001 a
872 1946 942 2017 jure
959 1945 1006 2000 vel
1025 1945 1230 2001 consuetudine
1248 1947 1333 2017 regni
1348 1946 1468 2018 Angliae
1484 1966 1542 2004 non

495 2031 514 2055 “
533 2030 684 2099 permisso,
715 2031 746 2084 in
782 2031 853 2086 oleri
889 2029 1077 2101 opprobrium
1106 2035 1137 2085 et
1170 2029 1309 2101 injuriam
1344 2032 1538 2097 manifestam,

495 2115 514 2140 ‘⁶
533 2113 655 2184 Majoris
673 2114 987 2169 Excommunicationis
1013 2114 1166 2177 sententia,
1186 2131 1205 2168 a
1222 2113 1339 2169 Oenone
1357 2115 1418 2171 lata
1434 2116 1468 2171 in
1485 2116 1540 2172 hac

495 2200 514 2224 “
533 2205 624 2269 parte,
644 2198 851 2253 denunciamus
869 2198 985 2269 publice
1003 2203 1033 2253 et
1051 2197 1218 2253 solemniter
1241 2197 1396 2254 involutos.

530 2285 549 2308 “
563 2282 648 2348 Item,
668 2283 785 2338 ¹omnes
809 2288 839 2338 et
863 2282 974 2352 singuli
998 2283 1049 2351 qui
1073 2283 1104 2335 in
1124 2288 1223 2336 nostra
1246 2280 1452 2339 cantuariensi
1470 2284 1539 2340 Pro-

494 2367 513 2392 ‘⁴
534 2367 629 2422 vincia
648 2366 737 2422 alicui
754 2366 801 2421 vel
821 2365 968 2437 aliquibus
987 2366 1098 2419 crimen
1116 2364 1190 2419 falso
1206 2381 1242 2419 ex
1260 2365 1319 2419 odii
1337 2366 1440 2422 fomite
1457 2367 1540 2423 mali·

495 2451 514 2475 “
533 2450 606 2505 tiose
624 2451 785 2523 imponunt,
805 2468 872 2504 curn
889 2465 977 2520 super
997 2448 1119 2503 crimine
1137 2448 1180 2503 sic
1197 2449 1334 2520 imposito
1352 2450 1432 2522 apud
1449 2452 1538 2508 bonos

495 2535 514 2559 ‘¹
533 2539 679 2604 etgraves
693 2535 775 2604 prius
793 2551 852 2588 non
869 2533 984 2587 fuerant
995 2531 1136 2595 infamati,
1149 2532 1234 2603 cujus
1252 2533 1446 2604 impositionis
1459 2552 1538 2591 occa·

495 2618 514 2642 “
533 2617 613 2671 sione
634 2617 823 2688 quovismodo
839 2626 998 2687 graventur
1011 2615 1131 2687 majoris
1149 2618 1455 2674 excommunicationis
1474 2636 1535 2674 sen·

495 2703 514 2727 ‘⁸
533 2701 633 2765 tentia,
653 2702 684 2756 in
702 2701 833 2757 concilio
857 2699 1012 2756 Oxoniensi
1035 2706 1135 2755 contra
1153 2698 1344 2756 defamatores
1368 2702 1535 2773 hujusmodi

495 2786 514 2810 ‘⁶
534 2801 552 2838 a
569 2785 676 2841 sanctis
693 2785 826 2857 patribus
842 2785 898 2839 rite
915 2785 984 2849 lata,
1002 2784 1062 2839 sint
1073 2789 1104 2838 et
1114 2784 1224 2839 fuerint
1240 2784 1379 2850 innodati,
1393 2803 1428 2841 ao
1444 2785 1534 2842 delin-

495 2870 514 2895 “
534 2873 655 2939 quantes
685 2869 808 2924 scienter
837 2868 869 2922 in
895 2867 1137 2939 Archiepisoopoa
1163 2874 1214 2922 aut
1236 2867 1405 2941 Episcopos‚
1439 2876 1536 2942 patrae

495 2954 514 2979 ‘⁶
534 2952 709 3024 spirituales,
732 2952 843 3009 Christi
861 2953 983 3023 legates,
1005 2951 1144 3006 Ecclesiae
1162 2951 1320 3016 columnas,
1340 2969 1376 3007 ex
1393 2953 1537 3026 dignitate

495 3039 514 3063 “
533 3036 716 3101 offensorum,
730 3036 846 3108 culpam
858 3036 1023 3107 graviorem
1037 3035 1228 3099 committant,
1242 3035 1314 3090 adeo
1326 3036 1404 3106 quod
1416 3039 1448 3093 in
1459 3039 1536 3110 ipsos

494 3123 513 3148 “
533 3121 689 3177 acerbioris
701 3120 788 3177 debet
799 3120 1015 3192 indignationis,
1030 3119 1055 3175 si
1067 3119 1183 3191 poterit,
1200 3119 1319 3176 aculeus
1330 3121 1438 3179 merito
1449 3121 1536 3178 desee-

494 3207 514 3231 “
532 3206 605 3270 vire,
631 3206 802 3261 auctoritate
826 3223 884 3275 qua
910 3204 1070 3274 fungimur,
1096 3220 1196 3258 omnes
1220 3210 1250 3259 et
1274 3205 1406 3276 singulos
1431 3206 1482 3278 qui
1505 3207 1536 3262 in

494 3291 631 3344 “nostra
654 3289 810 3345 Provincia
833 3287 1035 3343 cantuariensi
1061 3285 1288 3358 Archiepiscopo
1308 3288 1357 3343 vel
1381 3288 1534 3362 Episcopo,

494 3375 513 3399 “
532 3373 579 3427 vel
597 3373 648 3427 alii
669 3374 840 3442 cuicunque,
854 3371 965 3426 crimen
982 3369 1153 3442 proditionis
1173 3387 1225 3425 seu
1245 3371 1325 3426 aliud
1344 3373 1536 3445 quodcunque

495 3459 514 3483 “
534 3457 616 3520 falso,
638 3459 781 3527 nequiter,
802 3462 833 3511 et
853 3455 1007 3518 malitiose,
1030 3453 1172 3508 hactenus
1199 3455 1346 3525 imponere
1367 3462 1478 3512 temere
1502 3475 1535 3513 ao

496 3542 514 3566 ‘⁴
534 3540 649 3610 publico
679 3540 926 3611 praesumpserint,
957 3539 1006 3592 vel
1039 3539 1069 3592 in
1099 3539 1229 3593 futurum
1250 3540 1407 3610 imponent,
1438 3549 1537 3597 contra

496 3627 514 3650 “
534 3625 769 3679 constitutionem
788 3622 965 3694 praedictam,
994 3621 1072 3677 diota
1090 3622 1211 3694 Majoris
1224 3622 1536 3680 Excommunicationis

496 3710 514 3733 “
535 3709 686 3770 sententia,
716 3708 746 3761 iu
772 3707 893 3778 praelcto
923 3706 1053 3761 concilio
1081 3705 1201 3776 proinde
1230 3706 1297 3769 lata,
1328 3706 1536 3764 denunciamus

496 3794 515 3818 “
534 3791 649 3861 publice
670 3791 830 3856 innodatos,
854 3799 884 3846 ct
902 3809 920 3846 a
946 3791 1059 3845 Sanctae
1085 3791 1190 3846 Matris
1216 3790 1355 3846 Ecclesia
1386 3792 1536 3848 liminibus

497 3877 516 3902 “
536 3873 776 3944 soqucstratos.'']

327 3954 433 4032 Ῑιθῒίθξθ,
529 3958 613 4013 Misit
625 3960 742 4029 insuper
754 3959 997 4030 Archiepiscopus
1011 3958 1172 4013 antedictus
1184 3958 1312 4013 litteram
1324 3958 1412 4013 istam
1430 3978 1536 4032 praece·
1547 3966 1655 4028 MSAEtll

326 4028 471 4136 ffi'efflff
494 4043 609 4098 dentem
619 4044 656 4097 ad
670 4061 768 4098 omnes
781 4045 939 4098 confratres
950 4050 979 4097 et
989 4043 1192 4113 suffraganeos
1203 4060 1279 4106 suos,
1293 4049 1327 4097 ut
1339 4048 1369 4097 et
1377 4044 1436 4113 ipsi
1448 4046 1535 4100 etiam
1548 4049 1598 4097 655.

327 4158 471 4211 moment
494 4128 600 4223 insuia
619 4127 800 4242 {lioeccsibrrs
820 4133 849 4182 et
866 4127 937 4182 locis
958 4127 1083 4196 singulis
1105 4127 1270 4190 sententias,
1285 4131 1319 4180 ut
1336 4128 1533 4222 praemittitur,

325 4220 430 4335 biseffi
439 4220 469 4269 of
493 4213 609 4353 pprbhpe
646 4212 866 4282 promrlrtarent‚
888 4210 1113 4280 mandatumque
1133 4228 1217 4264 suurn
1239 4216 1400 4265 executrom
1419 4210 1535 4266 deman·

427 4313 438 4325 ·
545 4315 603 4352 en.

325 4349 433 4415 ΜΠ*
526 4381 644 4436 Audias
667 4380 766 4451 aeque
793 4379 900 4434 uaeas
923 4377 1152 4450 archiepiscopi,
1174 4383 1204 4432 a
1224 4377 1348 4448 singulis
1367 4374 1656 4443 marcuerant

493 4463 559 4519 aliis
577 4465 695 4536 insuper
713 4463 860 4518 nonnullis
881 4462 917 4518 ab
934 4461 1056 4518 ³aulicie
1075 4461 1176 4531 regiis,
1196 4467 1230 4517 ut
1245 4461 1411 4533 putabatur,
1432 4461 1534 4518 Archi·
1546 4460 1656 4577 1⁶1⁵&sp

1546 4588 1587 4651 11„
1598 4601 1617 4651 p.
1625 4575 1658 4630 aa

495 4655 648 4664 ——ae—
661 4660 796 4665 ——-..
809 4658 986 4664 ss-..-.
996 4657 1219 4663 ffl—

526 4789 532 4818 ¹
545 4804 598 4837 cum
608 4807 693 4850 ennea,
705 4792 776 4842 Harl.
789 4797 845 4841 655.
1036 4789 1143 4856 original
1165 4791 1215 4839 and
1234 4788 1262 4837 in
1277 4789 1319 4839 the
1330 4788 1429 4852 printed
1446 4795 1532 4850 ως

522 4868 532 4895 ²
541 4868 720 4933 promulparent
753 4871 780 4919 in
817 4870 860 4920 the
887 4869 985 4933 printed
1036 4869 1123 4919 aulicis
1141 4868 1170 4918 in
1182 4868 1376 4935 Hemingburgh
1393 4871 1444 4920 and
1460 4869 1532 4921 Harl.

490 4952 564 5004 texts,
576 4949 626 4996 and
637 4947 663 4995 in
675 4949 747 4999 Harl.
759 4955 815 4998 655.
1038 4952 1094 4997 655.

523 5023 683 5088 'corrupted
700 5025 753 5077 into
771 5024 882 5090 duplicia
898 5026 925 5075 in
944 5025 987 5074 the
