3750 6250
667 1110 831 1162 maroam
852 1114 1057 1165 nncmoaaa
1353 1103 1396 1173 69

216 1287 325 1416 m.
342 1311 411 1349 vero
429 1295 528 1368 aliqua
545 1296 702 1354 Londoniis
720 1306 766 1354 est
782 1299 893 1355 relicta
943 1300 1071 1371 Rogavit
1088 1308 1186 1354 autem
1203 1317 1256 1371 per
1275 1300 1392 1356 eosdem
1405 1309 1474 1365 ΔΙ),
1488 1319 1559 1367 1297.

216 1419 289 1543 ἔξω

341 1380 471 1445 nuncios,
502 1381 638 1453 praeiatos
664 1382 802 1447 Comites,
833 1383 911 1454 quod
937 1384 961 1438 si
991 1401 1090 1439 secum
1115 1384 1240 1439 transire
1269 1384 1389 1451 nollent,

340 1462 445 1519 saltem
462 1482 553 1535 regno
572 1484 624 1520 suo
636 1466 668 1521 in
686 1485 739 1521 sua
757 1467 887 1522 absentia
903 1485 962 1522 non
979 1472 1133 1532 nocerent;
1154 1467 1289 1539 sperabat
1300 1468 1387 1534 enim,

340 1545 402 1602 Deo
420 1549 543 1613 favente,
563 1550 681 1615 reverti,
700 1556 730 1606 et
747 1568 871 1621 regnum
890 1569 975 1606 suum
994 1550 1092 1607 debito
1109 1550 1194 1606 modo
1212 1552 1351 1607 obtinere.

372 1630 438 1685 Hac
466 1638 565 1687 aestato
590 1633 694 1689 (lomes
719 1634 940 1699 Lincolnionsis,
964 1641 994 1689 ct
1012 1635 1070 1705 'qui
1095 1653 1161 1689 cum
1189 1652 1223 1690 eo
1249 1641 1332 1691 eraut
1358 1636 1388 1690 in
1402 1640 1525 1697 (limoso-

338 1712 500 1779 Wasconia,
519 1722 690 1772 amoverunt
714 1716 893 1773 obsidionem
918 1736 984 1789 quse
1010 1718 1106 1790 posita
1124 1719 1220 1774 fuerat
1237 1718 1315 1774 circa
1332 1719 1386 1775 vil·
1399 1708 1505 1763 ‘imin

338 1796 395 1852 lam
415 1798 527 1854 Sancta
547 1798 690 1864 ¹Kiterni,
710 1801 829 1872 fugatis,
855 1801 906 1871 qui
925 1818 989 1856 eam
1008 1801 1182 1866 obsiderunt,
1196 1801 1384 1869 Tholosauis3
1399 1775 1503 1830 Em·

338 1881 367 1935 iu
385 1900 510 1953 qnorum
527 1885 614 1939 terris
632 1884 765 1940 incendia
782 1892 812 1940 ct
829 1884 1058 1956 depraedationes
1076 1885 1183 1940 multas
1202 1886 1341 1942 fecerunt.

372 1966 549 2023 Duodecimo
558 1968 705 2024 Kalendas
723 1969 901 2040 Septembris
914 1970 977 2024 Rex
988 1969 1104 2041 Angliae
1120 1988 1207 2025 naves
1224 1971 1384 2041 ingressus,
1398 1985 1506 2041 Eam

338 2050 511 2107 indissoluta
539 2053 641 2117 classe,
662 2053 776 2108 sulcato
803 2054 888 2117 mari,
909 2060 991 2110 sexto
1009 2054 1057 2109 die
1083 2055 1217 2125 sequenti
1242 2055 1385 2127 applicuit
1398 2053 1509 2107 williel·

337 2136 366 2190 in
385 2136 531 2201 Flandria,
551 2143 685 2209 receptus
703 2138 734 2191 in
752 2138 877 2208 quadam
895 2139 967 2193 villa
980 2138 1066 2209 juxta
1082 2146 1199 2211 portum
1218 2158 1283 2211 quae
1300 2158 1384 2196 voca·
1396 2118 1526 2186 Fllndffi’

337 2226 384 2274 tur
417 2224 435 2246 ‘⁶
449 2220 605 2275 Exclusa.’¹
666 2218 728 2289 Quo
756 2227 896 2292 tempore,
923 2229 1019 2277 nautor
1050 2222 1324 2279 Portesmutheuses
1354 2189 1533 2309 etffgffll'

338 2303 609 2370 Gememuthouses,
637 2311 738 2360 mutuo
764 2305 915 2377 flagitante
933 2306 1008 2371 odio,
1029 2308 1175 2363 evacuatis
1206 2309 1328 2364 navibus
1346 2308 1383 2364 ab
1479 2273 1517 2324 γ’

337 2387 393 2444 biis
420 2389 508 2445 rebus
534 2408 598 2461 quae
625 2396 708 2445 erant
732 2390 869 2454 militurn,
893 2392 1102 2447 commiserunt
1119 2392 1155 2447 ad
1173 2393 1298 2447 invicem
1317 2411 1383 2464 gra·

337 2492 402 2530 vem
414 2492 559 2546 pugnam
580 2474 631 2530 sed
650 2474 904 2530 succumbentibus
917 2473 1226 2540 Gememutheusibus,
1247 2476 1283 2530 de
1301 2478 1381 2532 navi-

337 2558 390 2616 bus
409 2577 511 2615 eorum
528 2559 635 2630 viginti
654 2559 782 2631 quinque
800 2559 935 2614 incendio
954 2567 1173 2616 consumuntur.

370 2644 433 2699 linx
450 2662 520 2699 vero
536 2643 663 2715 Anglioe,
683 2643 720 2697 ad
736 2643 878 2715 Burgiam
896 2643 1025 2710 veniens,
1039 2664 1189 2702 assensum
1207 2644 1381 2700 villanorum
1395 2654 1488 2707 Occur-

335 2728 364 2783 iu
381 2727 559 2784 conditiones
578 2728 654 2783 inter
672 2729 769 2799 ipsum
794 2733 824 2782 ot
842 2727 987 2783 Comitem
1007 2729 1104 2794 initas,
1124 2729 1229 2801 petivit
1246 2747 1280 2784 ex
1298 2735 1381 2801 parte
1393 2732 1516 2777 ment

335 2830 387 2866 sna
411 2817 442 2867 et
460 2811 598 2876 Comitia
626 2810 811 2866 medietatem
839 2829 1030 2883 expensarum
1055 2813 1178 2868 offerens
1197 2812 1233 2867 ad
1251 2790 1548 2909 manian-gfffflffld

335 2893 399 2950 dam
417 2895 648 2966 cingendamque
659 2894 761 2950 villam
779 2893 896 2950 fossato.
929 2894 1001 2963 Qua
1019 2913 1086 2951 cum
1097 2896 1200 2951 villani
1212 2901 1379 2961 renuerunt,
1438 2865 1488 2910 Μ’

335 2979 475 3050 comperit
510 2995 559 3033 eos
589 2996 607 3033 a
635 2995 688 3034 suo
724 2978 864 3033 alienatos
893 2976 1049 3043 'dominia
1081 2984 1111 3034 et
1141 2978 1177 3032 ad
1206 2977 1382 3033 reddendam

334 3062 434 3117 villam
461 3061 582 3118 Gallicis
607 3062 778 3129 inclinatos3
815 3067 1011 3135 reputansque
1044 3062 1240 3134 periculosum
1270 3080 1382 3117 moram

335 3147 427 3203 facero
446 3148 523 3202 inter
539 3147 710 3220 proditores,
725 3154 836 3202 armato
848 3145 998 3202 discedens
1012 3147 1150 3212 exercitu,
1163 3164 1267 3202 versus
1280 3147 1381 3201 villam

335 3229 554 3286 Gandavensem
583 3230 687 3302 dirigit
716 3232 773 3286 iter
800 3249 903 3296 suum3
936 3230 988 3284 ubi
1018 3229 1088 3284 dum
1118 3236 1281 3284 moraretur
1306 3229 1378 3295 Rex,

335 3315 453 3371 suborta
479 3321 525 3370 est
549 3314 626 3386 apud
643 3315 744 3369 villam
764 3314 918 3370 Samonem
945 3313 1091 3370 discordia
1117 3314 1193 3369 inter
1210 3313 1333 3368 villanos
1351 3319 1381 3368 et

335 3398 493 3470 anglicos:
527 3399 577 3470 qui
608 3399 713 3454 armati
743 3399 856 3464 villani,
888 3398 990 3454 multis
1021 3397 1191 3463 interiectis,
1221 3396 1379 3468 depraedati

335 3489 410 3547 sunt,
431 3483 463 3537 in
480 3500 617 3552 magnam
635 3480 849 3553 displicentiam
867 3482 947 3553 regis
966 3482 1069 3538 nostri.
1107 3482 1170 3537 Rex
1188 3481 1377 3546 Francorum,

334 3564 431 3621 andito
457 3564 583 3621 adventu
600 3565 692 3636 Regis
711 3564 883 3636 Anglorum,
902 3566 1090 3622 vehementer
1116 3571 1316 3621 consternatus
1342 3563 1379 3620 ad

335 3650 419 3705 unius
437 3647 524 3705 dietoe
543 3650 670 3720 spatium
688 3666 719 3704 se
738 3649 889 3704 subtraxit.

367 3732 491 3788 Interim
509 3731 590 3803 Papa
607 3731 775 3787 Bonisaoins
795 3733 913 3804 scripsit
937 3731 1118 3804 principibus
1135 3731 1326 3798 Alemanniae,
1346 3737 1380 3787 ut
1391 3732 1460 3797 Pope
1467 3733 1544 3786 Boui-

335 3816 445 3889 Bagem
463 3815 668 3880 Romanorum,
691 3815 870 3887 Adulphum,
897 3815 982 3887 cujus
1008 3832 1160 3870 occursum
1186 3815 1216 3869 in
1242 3799 1528 3869 Flaudriafucemkes

334 3899 394 3956 Rex
420 3899 585 3971 Anglorum
615 3906 790 3970 speraverat,
818 3905 852 3955 ut
881 3898 968 3953 simul
999 3916 1066 3954 cum
1093 3897 1207 3953 Comito
1233 3896 1378 3952 Flandriae
1390 3881 1520 3986 zm

334 4001 517 4057 oppressores
542 3983 748 4055 invasoresque
776 4000 844 4038 suos
863 3982 990 4038 Gallicos
1015 3981 1207 4055 propulsaret,
1234 3986 1378 4036 commoto
1390 3999 1548 4067 theffingos

333 4067 408 4124 bello
425 4068 630 4139 inquietarent,
650 4073 681 4123 et
697 4067 734 4122 ab
751 4066 899 4123 invasione
919 4065 1098 4121 Gallicorum
1125 4063 1218 4119 modis
1244 4064 1377 4119 omnibus
1389 4066 1432 4117 the
1439 4066 1558 4121 Renum

333 4151 371 4208 im
430 4153 515 4208 'eut

365 4153 527 4293 ffldem
551 4243 666 4309 tempus
692 4235 820 4291 Comites
844 4233 1027 4290 Herelordiae
1053 4238 1083 4288 et
1108 4230 1283 4297 Marescalli,
1310 4248 1377 4288 cum
1390 4232 1537 4298 Opposition

333 4322 392 4377 suis
411 4321 612 4393 complicibus,
626 4320 819 4375 Thesaurario
836 4325 867 4375 et
883 4319 1047 4373 Baronibus
1065 4316 1102 4372 de
1122 4315 1281 4380 Scaccario,
1302 4315 1376 4370 inhi-
1389 4300 1465 4351 ΜΘ
1475 4317 1544 4353 ⁰¹²⁸·

333 4404 457 4463 buerunt
482 4424 519 4461 na
544 4405 635 4460 levari
662 4405 791 4460 facerent
816 4411 950 4459 octavum
977 4401 1128 4456 denarium
1155 4419 1173 4455 a
1189 4399 1305 4471 populo,
1325 4398 1376 4469 qui
1388 4369 1543 4502 32⁸ssng

334 4488 407 4561 Regi
425 4507 579 4545 concessus
597 4488 693 4543 suerat
710 4487 786 4559 apud
806 4488 944 4543 Sanctum
962 4483 1157 4539 Edmuudum.
1197 4482 1378 4537 Induxerrmt
1389 4500 1502 4551 them

333 4575 419 4629 ctiam
436 4574 516 4630 cives
528 4572 751 4637 Londoniarum,
771 4576 805 4626 ut
821 4588 874 4642 pro
891 4567 1097 4641 recuperandis
1115 4566 1175 4622 suis
1194 4565 1376 4622 libertatibus
1389 4566 1502 4619 nauhu

333 4674 430 4714 secum
449 4663 568 4713 starent.
1388 4634 1494 4751 ffitgf

1388 4766 1520 4819 naenia

334 4880 456 4892 ——

364 4968 370 4998 ¹
382 4963 527 5018 caum
537 4964 565 5014 in
576 4963 619 5014 the
627 4962 726 5028 printd
739 4966 806 5012 texts
818 4981 825 5020 ;
881 4957 1004 5018 Koteriai,
1015 4956 1043 5006 in
1056 4956 1153 5009 'l'rivet

332 5044 430 5097 Kisa-ni
448 5045 476 5096 in
488 5043 633 5110 Baumger
644 5063 652 5104 ς
670 5040 788 5103 Kilerini,
799 5055 828 5092 or
910 5036 1019 5088 ’anino
1028 5035 1055 5087 in
1066 5038 1108 5090 llis
1119 5037 1218 5104 printed
1229 5044 1302 5090 texts.
