3750 6250
505 1058 546 1122 16
847 1072 978 1123 moun
1001 1070 1236 1121 wensmonsn

377 1256 447 1310 ΔΙ).
502 1260 680 1326 assumptus,
693 1254 869 1310 constitutus
881 1262 928 1311 est
938 1256 1103 1328 Episcopus
1115 1254 1293 1316 Hestiensis.
1331 1256 1646 1317 emesenorum

336 1328 490 1379 1²7⁶·1277.
501 1338 583 1410 Pepu
612 1338 688 1394 sedit
717 1339 866 1395 mensibus
906 1341 1046 1412 quinque,
1080 1340 1183 1396 diebus
1212 1339 1336 1408 duobus,
1367 1341 1551 1414 moriturque
1563 1329 1646 1414 ml

502 1420 658 1513 Bomoe,'et
674 1423 706 1478 in
724 1422 912 1479 Letereuensi
930 1425 1055 1480 ecclesie
1072 1425 1222 1497 sepelitur.
1563 1462 1587 1513 Ε
1621 1436 1646 1449 ··

333 1507 432 1560 sunm
444 1510 477 1562 V.
537 1504 593 1561 Oui
611 1506 712 1562 eodem
730 1524 804 1562 enno
823 1508 965 1563 suecessit
987 1507 1135 1566 Adrianus
1161 1508 1296 1578 Quintus,
1321 1509 1438 1565 ustione
1460 1508 1553 1565 Jenn·
1588 1503 1594 1516 ⁸
1638 1499 1646 1518 '

501 1590 588 1656 ensis,
615 1590 710 1647 dietus
736 1597 820 1646 entes
839 1595 858 1619 ‘⁴
872 1592 1069 1658 Octobonus,”
1089 1593 1150 1664 qui,
1169 1593 1262 1650 Tituli
1296 1592 1397 1650 Seueti
1425 1592 1551 1650 Adriani

500 1674 647 1732 Disconus
678 1676 853 1743 Cerdinslis,
878 1695 897 1732 e
925 1677 1007 1748 Pepe
1043 1676 1194 1733 Clemente
1220 1676 1330 1747 Qnurto
1357 1676 1489 1748 Legstns
1519 1678 1551 1734 in

499 1759 639 1831 Anglism
656 1762 766 1817 missus
784 1761 849 1817 fuit.
886 1760 947 1816 Hic
958 1760 1040 1831 Pepe
1057 1761 1153 1817 fectus
1172 1762 1272 1817 stetim
1291 1760 1548 1828 constitutionem,

500 1861 588 1916 quem
605 1845 686 1916 Pepe
710 1845 871 1917 Gregorius
889 1843 1029 1900 Decimus
1048 1845 1158 1901 feceret
1175 1845 1211 1901 de
1229 1845 1391 1901 inclusione
1410 1844 1551 1902 Ourdins·

498 1928 573 1987 lium
599 1947 652 2000 pro
682 1927 822 1985 electione
853 1927 968 1984 Summi
997 1929 1157 1994 Pontificio,
1190 1929 1359 2001 suspendit;
1385 1947 1549 2002 preponens

499 2030 563 2068 eum
589 2014 675 2069 eliter
701 2012 844 2069 ordinere.
895 2011 954 2069 Sed
978 2019 1072 2068 morte
1101 2020 1277 2085 preventus,
1302 2012 1550 2071 Constitutionem

498 2115 668 2170 suspensum
686 2098 824 2169 reliquit;
844 2096 922 2152 sedit
938 2113 1008 2152 vero
1027 2097 1177 2152 mensibus
1195 2096 1319 2153 duobus.

332 2179 402 2229 John
408 2179 485 2232 XXI.
533 2181 614 2253 Peps
624 2182 754 2236 Adriano
767 2180 911 2245 defuneto,
926 2181 1069 2236 suecessit
1081 2180 1101 2235 J
1102 2181 1229 2236 ohannes
1236 2180 1404 2237 Vicesimus
1417 2181 1548 2247 Primus,

498 2266 593 2323 dietus
614 2269 632 2293 ‘⁴
650 2266 756 2322 Petrus
774 2264 956 2338 Hispanus.”
1010 2264 1070 2320 Hie
1090 2264 1255 2338 Episcopus
1274 2265 1459 2322 Tusculanus
1485 2272 1550 2322 eret

498 2352 589 2423 prius.
634 2350 671 2405 In
694 2351 807 2406 ectibus
834 2349 959 2405 diversis
985 2350 1124 2415 fumosus,
1153 2349 1206 2405 sed
1230 2350 1422 2406 scientiarum
1442 2350 1549 2406 flerem

497 2435 749 2507 pontificalemque
785 2433 959 2506 dignitatem
996 2432 1122 2505 quedem
1154 2451 1270 2489 merum
1303 2433 1464 2490 stoliditate
1497 2434 1549 2490 de·

498 2519 652 2583 formsvit;
672 2518 744 2573 edee
762 2525 796 2572 ut
812 2518 938 2574 uetnreli
964 2535 1017 2589 pro
1042 2506 1125 2589 perte
1148 2535 1248 2573 cerere
1272 2516 1425 2575 videretur
1448 2517 1550 2575 indus·

497 2603 564 2658 trie.
619 2602 656 2657 In
672 2602 728 2657 hoc
745 2609 844 2657 tumen
862 2619 949 2674 quem
966 2601 1128 2674 plurimum
1152 2601 1309 2656 leudebilis
1333 2601 1399 2668 fuit,
1420 2601 1500 2673 qued
1518 2620 1550 2659 se

497 2694 558 2744 tum
575 2687 751 2758 pauperibus
770 2705 857 2757 quem
875 2686 1017 2741 divitibus
1035 2703 1220 2741 communem
1237 2684 1386 2751 exhibens,
1407 2685 1552 2741 studium·

499 2789 555 2845 que
574 2771 739 2827 litterarum
764 2771 951 2842 amplectens,
971 2769 1081 2826 multos
1107 2771 1138 2825 in
1161 2769 1311 2825 beneficiis
1339 2770 1550 2827 ecclesiacticis

498 2856 645 2928 promovit
662 2862 791 2925 egentes.

331 2948 438 3013 Capture
450 2951 481 3001 of
532 2939 596 2995 Rex
607 2939 733 3010 Angliae,
743 2939 778 2994 de
791 2938 907 2995 Oestrie
917 2938 949 2994 in
960 2938 1099 2994 Wsllicm
1111 2937 1314 3010 progrediens,
1329 2938 1409 3011 cepit
1420 2946 1550 2996 emnem

330 3016 448 3068 Rhndlw
500 3024 579 3096 qnod
596 3024 705 3080 dieitur
724 3027 743 3050 ·‘
756 3022 971 3086 Redolenum,”
999 3022 1141 3094 misitque
1168 3023 1201 3077 iu
1219 3022 1359 3078 Welliem
1377 3022 1550 3080 Occidente·

399 3098 420 3137 ‘²
498 3110 557 3165 lem
584 3109 709 3165 militem
735 3108 871 3174 nobilem,
899 3107 1011 3164 dietum
1038 3110 1056 3135 ‘¹
1071 3106 1223 3179 Psgennm
1248 3107 1285 3164 de
1311 3106 1478 3174 Genusiis,‘’
1498 3109 1550 3182 qui

499 3200 605 3251 ennete
621 3194 700 3250 caede
718 3195 911 3265 incendioque
928 3193 1066 3249 vastavit.

531 3280 597 3335 Hoc
615 3286 747 3350 tempore
765 3279 869 3334 Freter
888 3278 907 3331 J
909 3278 1038 3332 ohannes
1057 3275 1093 3331 de
1112 3276 1307 3347 Derlyugton,
1330 3275 1450 3332 Ordinis
1468 3277 1550 3332 Prur-

495 3362 667 3426 dicetorum,
688 3361 844 3417 confessor
871 3360 1017 3433 quondum
1035 3359 1128 3431 Regis
1147 3360 1280 3424 Henriei,
1301 3360 1474 3415 auctoritate
1499 3378 1550 3433 pe·

495 3447 554 3518 peli
584 3448 615 3501 in
645 3463 737 3517 regno
763 3445 881 3514 Angliae
912 3443 1059 3500 Celleoter
1088 3444 1213 3499 efficitur
1243 3443 1433 3509 decimarum,
1466 3446 1550 3501 selve

495 3530 593 3601 pepuli
616 3529 790 3593 reverentis,
811 3537 911 3584 contre
938 3528 985 3582 sui
1004 3527 1122 3582 Ordinis
1149 3528 1362 3600 professionem
1380 3528 1432 3583 teli
1451 3529 1547 3585 efficio

496 3613 660 3684 deputatus.
710 3613 810 3684 Hujus
828 3619 925 3667 temen
944 3611 1041 3668 studio
1060 3619 1089 3667 et
1114 3612 1260 3667 industrie
1278 3611 1364 3667 edite
1383 3619 1452 3667 sunt
1470 3612 1547 3669 Cen·

495 3696 652 3752 eordentiae
671 3697 796 3767 Mognae,
816 3714 882 3766 qum
902 3699 921 3722 ‘⁸
934 3695 1106 3768 Anglieenoe
1119 3696 1137 3720 '⁹
1156 3702 1308 3751 vocentur.
1415 3714 1420 3722 ·

531 3780 596 3835 Hoc
623 3797 707 3844 suno,
735 3779 930 3835 sextodecimo
956 3779 1105 3835 Kalendas
1130 3779 1214 3845 Julii,
1243 3779 1411 3836 venerabile
1437 3797 1546 3852 corpus

495 3864 581 3920 Beati
605 3863 735 3928 Ricardi,
763 3863 955 3920 cicestrensis
986 3864 1133 3935 Episcopi,
1166 3870 1212 3919 est
1241 3864 1426 3928 translatum,
1456 3870 1487 3920 et
1516 3865 1549 3921 in

495 3966 583 4021 cepse
600 3955 738 4019 argentee
756 3955 786 4003 et
803 3948 943 4003 deserete
960 3948 1117 4002 honorifice
1136 3946 1319 4002 collocatum.

530 4033 648 4088 Treusit
677 4050 769 4086 eunus
799 4032 856 4086 iste
890 4033 1017 4102 frugifer
1047 4037 1077 4086 et
1108 4032 1243 4086 fructifer
1272 4031 1462 4103 Anglieenis3
1494 4033 1548 4089 sed

494 4123 613 4190 propter
637 4122 681 4172 tet
698 4116 844 4187 Peperum
869 4116 1031 4180 interitum,
1051 4115 1147 4171 tristis
1172 4115 1367 4187 lugubrisque
1385 4116 1545 4184 Romanis3

494 4209 524 4259 et
542 4221 598 4258 nou
617 4202 712 4257 solum
730 4200 794 4255 orbi
813 4200 1015 4256 Christianos
1039 4200 1118 4255 bello
1142 4200 1283 4270 generali,
1304 4199 1357 4256 sed
1375 4199 1546 4258 Serrseeuis

494 4286 721 4358 incredulisque,
742 4287 869 4357 quietus.

529 4372 614 4426 Anno
640 4371 744 4442 gretiae
774 4369 930 4423 millesimo
957 4369 1156 4424 ducentesimo
1188 4369 1404 4438 septuagesimo
1430 4372 1646 4435 octavensi!

496 4455 547 4525 qui
577 4462 622 4511 est
651 4473 743 4510 eunus
773 4455 857 4523 regni
888 4452 980 4522 Regis
1011 4452 1157 4515 Edwardi,
1184 4469 1201 4506 n
1226 4451 1403 4522 Oonanestu
1438 4452 1542 4518 Primi,
1556 4441 1644 4522 ΒΨ

324 4549 450 4605 nmmos
497 4539 625 4608 quintus,
664 4538 791 4593 Joeuuos
822 4538 903 4608 Pepe
930 4536 1100 4593 Vicesimus
1130 4536 1259 4602 Primus,
1284 4554 1352 4591 eum
1382 4535 1438 4591 sibi
1475 4537 1544 4593 vitre
1557 4507 1646 4626 {uffa

328 4619 476 4683 PepeJehn
496 4623 623 4694 spatium
647 4623 678 4677 in
707 4640 796 4677 ennos
823 4622 965 4693 plurimes
991 4621 1108 4676 extendi
1143 4620 1285 4684 crederet,
1317 4626 1347 4676 et
1376 4621 1431 4676 hoe
1455 4621 1545 4676 etiem
1558 4642 1646 4694 ΜΗ

327 4684 401 4736 m
484 4723 593 4765 eorem
620 4706 721 4761 multis
748 4714 902 4771 assereret,
923 4705 1021 4760 subito
1038 4722 1106 4760 eum
1124 4721 1200 4759 nova
1226 4721 1351 4769 comere,
1379 4722 1468 4775 quem
1487 4704 1646 4775 sibiReg.1

495 4789 623 4846 Viterbii
647 4790 726 4844 circe
753 4789 896 4860 poletium
921 4793 1132 4852 construxerat,
1160 4788 1239 4845 solus
1265 4789 1386 4852 corruit,
1407 4795 1446 4851 et,
1466 4775 1634 4844 interliix·

494 4872 607 4944 lepides
626 4880 656 4927 et
685 4872 767 4943 ligne
784 4874 915 4938 collisus,
942 4879 1024 4928 sexte
1049 4872 1097 4927 die
1115 4879 1183 4944 post
1208 4890 1319 4937 cesum,
1352 4872 1542 4928 recrementis

494 4956 628 5012 omnibns
647 4956 852 5012 ecclesiusticis
870 4959 1027 5029 perceptis,
1042 4958 1176 5022 moritur,
1197 4963 1228 5012 et
1247 4959 1277 5011 in
1296 4957 1422 5013 ecclesie
1441 4957 1542 5012 Sancti

494 5041 646 5097 Laurentii
664 5040 815 5113 sepelitur.
