3750 6250
494 1101 559 1163 228
836 1117 966 1166 rnou
988 1117 1218 1166 amassem

325 1300 394 1351 Μ),
410 1300 625 1370 totoquamvis
651 1299 787 1373 Philippo
813 1302 849 1357 de
867 1303 986 1374 Vale-55,
1013 1322 1048 1359 eo
1074 1304 1152 1374 qnod
1178 1321 1209 1358 se
1236 1304 1347 1375 Regem
1374 1321 1439 1359 esse
1464 1312 1635 1376 prae-lm

494 1383 637 1448 tendehat,
670 1384 838 1456 homagium
873 1387 1009 1450 lecerunt,
1038 1403 1135 1442 tamen
1165 1407 1222 1441 non
1252 1387 1338 1458 Regi,
1369 1405 1438 1442 cum
1475 1390 1538 1458 ipse
1547 1383 1630 1459 Papa

493 1485 626 1520 corciram
658 1467 763 1538 injusto
793 1469 945 1526 detineret.
977 1485 1006 1524 et
1035 1471 1120 1540 regni
1151 1470 1377 1525 dominationem
1410 1450 1611 1525 indebitelm

495 1550 669 1605 vendicaret.

327 1639 400 1691 Bina
416 1642 466 1691 and
530 1633 595 1689 Hoc
621 1652 695 1688 anno
721 1637 834 1706 peperit
858 1636 973 1707 Regina
999 1637 1145 1710 Philippa,
1172 1655 1326 1709 postquam
1351 1638 1382 1691 iu
1398 1637 1538 1708 Anglism

327 1707 540 1784 ffl‘fflest
560 1735 686 1783 reversa,
720 1718 808 1773 liliam
839 1720 870 1774 in
893 1720 981 1774 Turri
1012 1721 1235 1786 Loudoniarum,
1268 1729 1399 1775 roceum
1425 1720 1539 1775 “Blan-

328 1775 448 1892 {m
496 1804 516 1829 ⁴⁶
534 1801 659 1867 enum?
684 1820 758 1873 qua,
784 1804 859 1859 inter
888 1803 1054 1860 lactandum
1077 1806 1222 1870 aermon,
1244 1805 1321 1876 apud
1344 1805 1538 1861 ammonas

492 1886 599 1940 terium
618 1899 663 1941 est
686 1886 808 1957 sepulta.

328 1998 460 2080 'steht-
530 1980 641 2035 Eodem
665 1999 748 2045 anno,
763 1970 948 2036 ¹mensibns
968 1970 1063 2052 Julii,
1086 1974 1240 2059 Augusti,
1266 1978 1300 2037 et
1323 1963 1635 2086 Septembrisffiffl

327 2065 375 2114 Μ’
385 2068 484 2134 Μ
496 2076 557 2131 Rex
570 2077 689 2148 Angliae
702 2075 861 2130 Edwardus
873 2091 940 2128 cum
953 2093 1006 2128 sua
1018 2074 1124 2129 militia
1136 2075 1289 2129 franciam
1307 2075 1438 2137 intravit,
1450 2074 1536 2129 villas
1547 2099 1635 2161 [Im-‚3

328 2132 455 2201 Tmy·
495 2179 550 2216 non
577 2179 683 2233 paucas
709 2159 841 2215 incendio
858 2158 1041 2220 deformavit,
1069 2158 1154 2213 blada
1171 2160 1306 2222 vastavit,
1331 2157 1444 2230 praedas
1463 2159 1635 2232 egitmgss

493 2245 642 2300 civitatem
654 2244 873 2305 Tornaeensem,
887 2242 1063 2296 victualibus
1075 2257 1106 2297 ct
1122 2244 1241 2297 armatis
1256 2243 1365 2314 optime
1382 2244 1535 2307 munitam,
1547 2236 1629 2300 W

493 2329 615 2384 obsedit.
653 2329 714 2382 Rex
732 2342 828 2382 autern
848 2326 988 2389 franciae,
1008 2327 1129 2381 collecto
1147 2329 1276 2382 exercitu
1297 2327 1381 2397 qnasi
1407 2329 1539 2382 innume·

493 2412 588 2475 rabili,
608 2423 638 2467 et
655 2412 762 2466 nostris
780 2409 959 2480 temporibus
977 2409 1116 2473 inaudito,
1140 2410 1225 2480 juxta
1242 2411 1405 2464 Toruacum
1422 2409 1461 2465 ad
1480 2412 1539 2466 tria

493 2494 638 2556 milliaria,
658 2511 733 2564 aqua
758 2492 899 2564 profunda
916 2505 1074 2562 utrumque
1092 2495 1250 2547 exereitum
1267 2499 1446 2558 secernente,
1463 2494 1536 2556 loeo,

492 2589 526 2630 ut
551 2577 706 2640 serebatur,
724 2576 877 2646 paludibus
896 2573 1118 2646 ²circumsepto,
1141 2583 1363 2631 castrametatus
1380 2585 1435 2631 est.
1479 2577 1538 2632 Sed

328 2654 465 2705 Almia
493 2658 618 2722 tandem,
638 2658 782 2713 mediante
807 2659 952 2730 praecipue
977 2657 1134 2714 Comitissa
1158 2658 1309 2724 Hanoniae,
1329 2657 1452 2730 adjectis
1469 2679 1536 2715 oon-

326 2721 473 2782 “mdud‘d’
493 2741 652 2797 ditionibus
688 2743 842 2806 nonnullis,
880 2742 1061 2812 captivisque
1100 2743 1217 2796 interim
1255 2744 1347 2813 partis
1382 2745 1536 2816 utriusque

326 2786 470 2904 ffie'fflj,
494 2825 585 2881 libere
603 2826 741 2891 (Emissis,
760 2844 852 2898 usque
870 2826 907 2881 ad
925 2826 1033 2881 festum
1052 2826 1192 2881 Johannis
1211 2827 1351 2898 Baptistae
1369 2828 1450 2883 inita
1467 2837 1537 2883 sunt

327 2919 379 2968 tion
396 2920 427 2970 os
439 2921 481 2972 the
494 2917 623 2981 trengam
644 2912 749 2981 quibus
762 2912 879 2982 elapsis,
893 2928 1021 2981 paceque
1033 2912 1109 2965 inter
1121 2911 1217 2981 Reges
1230 2911 1356 2966 nondum
1368 2912 1534 2978 reformata,

326 2986 530 3064 (ama-osmi
553 3012 683 3050 carceres
708 2996 815 3067 captivi
836 2994 976 3059 redirent,
1003 2995 1050 3049 rel
1079 2993 1290 3066 redemptiones
1308 2994 1440 3051 ³solvent
1461 3014 1535 3067 pras-

328 3051 455 3105 ¹¹²¹⁰⁸¹²¹²
492 3086 621 3146 taxatas,
650 3081 750 3152 sicque
780 3079 908 3135 Comites
938 3078 1005 3144 dno,
1038 3078 1143 3135 Sarum
1173 3088 1203 3135 et
1233 3078 1451 3145 Southl'olchiae,
1482 3081 1534 3153 qni

490 3163 601 3220 dudum
621 3182 688 3220 curn
706 3165 806 3235 paneis
818 3164 906 3228 villae,
926 3180 992 3233 qna
1006 3166 1025 3190 “
1038 3164 1139 3219 Insula
1147 3164 1164 3187 '⁸’
1177 3164 1294 3230 dicitnr,
1307 3165 1404 3220 minus
1413 3166 1534 3237 provide

492 3248 763 3319 appropinquantes,
783 3265 801 3302 a
819 3247 873 3302 loci
901 3247 1005 3301 ineolis
1023 3247 1152 3302 conclusi
1179 3248 1294 3303 fuerant
1319 3260 1349 3302 et
1372 3251 1461 3321 capti,
1479 3250 1534 3305 Pa·

492 3330 639 3401 risiusque
656 3331 708 3386 diu
734 3332 766 3387 in
788 3348 904 3386 carcero
922 3329 1042 3395 detenti,
1062 3331 1143 3385 initis
1160 3331 1274 3400 treugis
1298 3331 1391 3386 libere
1408 3332 1533 3399 dimissi,

326 3432 434 3496 Auem
493 3413 630 3484 Anglinm
651 3416 804 3470 intrarunt.
849 3414 993 3469 Ferebant
1010 3415 1086 3468 enim
1104 3415 1234 3468 nonnulli
1254 3417 1383 3485 pecnnia
1408 3417 1534 3488 inopiam

327 3500 457 3549 santoneo
495 3497 604 3567 Regem
635 3498 791 3568 plurimum
822 3506 984 3564 constasse;
1017 3499 1043 3553 si
1069 3500 1145 3553 enim
1175 3500 1343 3553 thesaurum
1372 3501 1532 3565 habuisset,

324 3567 355 3647 οἷ
369 3566 443 3651 “llll
493 3583 605 3646 treugis
623 3601 771 3653 nunquam
789 3583 989 3637 consensisset.
1026 3583 1167 3637 Posnerat
1191 3601 1304 3653 quoque
1322 3585 1353 3637 in
1370 3603 1463 3655 regno
1481 3605 1533 3640 suo

330 3633 434 3748 *43⁰5
444 3647 456 3680 ⁸
493 3665 626 3718 custodes
645 3674 675 3720 et
692 3666 848 3728 ministros,
868 3667 998 3720 avaritiae
1017 3684 1086 3730 sum,
1106 3674 1139 3720 ut
1156 3667 1317 3727 ridebatur,
1332 3669 1531 3734 consulentes;

326 3715 399 3749 mmm
418 3714 457 3749 π’
493 3749 726 3818 protectioneque
744 3749 869 3820 propriis
887 3750 1040 3813 inhiantes,
1060 3750 1127 3820 *qui
1147 3750 1249 3803 salutis
1268 3751 1442 3821 honorisque
1457 3753 1533 3822 regii

492 3849 593 3900 parum
612 3841 755 3895 curantes,
775 3832 887 3902 Regem
906 3834 989 3902 quasi
1015 3833 1137 3903 pecunia
1154 3833 1324 3888 destitutum
1349 3834 1532 3899 dimiserunt,

490 3921 521 3968 et
539 3933 671 3982 egenum.
709 3916 752 3969 Rc
770 3917 847 3969 enim
865 3933 943 3980 vera,
964 3917 988 3971 si
1008 3928 1091 3987 gesta
1108 3936 1212 3987 regum
1230 3936 1248 3971 a
1265 3919 1420 3973 monarcha
1436 3921 1532 3989 primo

490 3997 653 4067 Anglornm
685 3999 883 4060 revolvissent,
921 4010 1111 4071 accurateque
1137 4000 1367 4055 considerassent
1403 4004 1532 4072 praeteri·

491 4088 586 4137 torum
613 4082 693 4136 filum
712 4083 817 4151 viginti
836 4090 899 4138 octo
916 4100 1065 4149 annorum,
1085 4085 1190 4140 ⁵ta1em
1214 4085 1338 4140 insulam
1362 4086 1535 4156 produxisse

491 4167 610 4220 minime
628 4166 812 4237 reperissent.

326 4254 481 4358 ⁰h⁸¹¹⁰nffing
528 4250 604 4305 Anto
628 4250 749 4304 Tomaoi
776 4249 963 4314 obsidionem,
990 4252 1109 4306 miserat
1135 4251 1196 4306 Rex
1214 4252 1330 4323 Angliae
1355 4252 1531 4308 Francorum

326 4308 457 4400 'fflssffilw
494 4333 568 4401 Regi
596 4335 718 4396 litteras,
739 4334 834 4404 ipsum
860 4334 1024 4389 nullatenus
1052 4336 1172 4405 Regem,
1200 4336 1249 4391 sed
1277 4337 1478 4408 “Philippum
1496 4338 1532 4392 de

329 4406 386 4447 Phili

327 4407 442 4498 i·anl'‘¹⁴'
495 4419 514 4444 “
533 4417 681 4483 Valesio,’'
700 4417 880 4481 nominando,
900 4419 975 4473 inter
993 4425 1098 4474 eoetera
1127 4419 1197 4474 talia
1216 4419 1422 4485 ‘continentes
1455 4420 1532 4492 quod

526 4571 737 4638 ¹Seepage230,
750 4581 814 4636 post.
1010 4578 1012 4599 ²
1034 4573 1089 4622 The
1111 4575 1214 4639 reading
1236 4575 1263 4624 in
1278 4575 1334 4627 MS.
1354 4575 1425 4627 Harl.
1439 4582 1487 4626 655
1510 4577 1532 4627 is

525 4651 703 4716 ²circwncepto
715 4652 741 4701 in
753 4652 816 4717 orig.
1032 4652 1130 4702 similar
1141 4660 1167 4702 to
1178 4654 1222 4705 the
1232 4660 1293 4705 text.

531 4730 540 4758 ¹
551 4729 666 4780 solverent
677 4732 704 4780 iu
716 4732 758 4782 the
765 4731 864 4795 printed
875 4740 949 4782 texta.
1066 4733 1076 4759 ⁶
1088 4732 1151 4782 This
1163 4733 1294 4799 challenge
1305 4736 1327 4785 is
1339 4735 1439 4800 printed
1450 4735 1477 4784 in
1489 4735 1533 4785 the

526 4808 673 4868 *inhiantes
705 4810 804 4860 salutm
837 4810 990 4874 honoremque
1034 4810 1096 4859 Nea
1108 4811 1220 4873 Foederu,
1238 4813 1272 4862 ll.
1292 4831 1314 4878 p.
1338 4816 1533 4875 1131,datedat

495 4888 591 4950 replum,
603 4887 629 4936 in
642 4888 684 4937 the
695 4889 793 4952 printed
804 4896 877 4940 texts.
1031 4893 1046 4916 “
1058 4890 1135 4954 Ctyu,
1143 4909 1187 4939 aar
1195 4891 1229 4941 les
1239 4893 1449 4959 ClampsdeLees
1455 4893 1532 4944 Tostr-

525 4967 593 5014 ‘tom
615 4976 742 5027 sumnum,
770 4969 948 5028 mraericordem,
967 4977 990 5017 et
1008 4962 1011 5009 ἶ
1031 4972 1045 4995 “
1058 4986 1110 5032 vary,
1138 4970 1159 5019 Ie
1179 4971 1249 5020 xxvi.
1272 4973 1331 5038 jour
1357 4974 1390 5023 du
1412 4990 1486 5043 moys·
1503 4973 1532 5023 de

491 5043 598 5094 tamtam
633 5041 743 5108 suanm,
785 5046 986 5113 flemingburga
1007 5022 1011 5067 ⁸
1030 5051 1045 5073 ι·
1060 5047 1163 5110 rufior
1179 5055 1249 5100 1³40.
