3750 6250
667 1128 829 1179 saroam
852 1129 1060 1182 matresua
1320 1118 1383 1191 li?

282 1325 316 1389 a,
336 1322 406 1372 tuno
430 1317 548 1383 ibidem,
574 1319 605 1373 in
628 1317 755 1373 erastino
775 1317 947 1374 Nativitatis
965 1320 1064 1374 Beata
1082 1319 1194 1375 Mariae.
1232 1321 1272 1377 Et
1288 1321 1320 1376 in
1337 1320 1384 1376 die
1397 1322 1465 1373 Ad).
1478 1329 1550 1375 1³25.

335 1401 420 1458 Jovis
438 1407 586 1473 sequente,
606 1402 683 1458 idem
701 1402 862 1458 Edwardus
880 1403 958 1459 filius
975 1404 1066 1473 Regis
1083 1421 1165 1460 mare
1182 1405 1336 1474 transivit3
1356 1410 1386 1462 et
1397 1413 1545 1466 Priuealtd·

282 1461 305 1512 ἰ
334 1503 403 1541 oum
420 1503 455 1540 eo
467 1485 642 1550 Willelmus,
661 1487 823 1559 Episcopus
842 1486 985 1553 1Ειιοιιὶοι,
1004 1493 1035 1542 et
1051 1487 1103 1543 alii
1119 1489 1152 1543 in
1168 1506 1290 1545 numere
1307 1506 1384 1545 oom-
1397 1483 1465 1532 Μ
1476 1483 1536 1533 ‘lffl

334 1571 456 1643 petenti.
505 1570 545 1625 Et
577 1571 656 1626 eirea
685 1573 793 1627 festum
826 1570 925 1627 Sancti
955 1570 1088 1627 Matthaei
1118 1572 1188 1628 lenit
1215 1572 1385 1644 homagium
1397 1547 1542 1612 h⁰m⁵⁸⁸²⁰

335 1654 480 1709 avunonlo
498 1672 561 1720 suo,
581 1655 658 1726 Regi
684 1656 825 1720 Franoim,
846 1656 901 1710 snb
919 1655 1094 1727 quibasdam
1117 1656 1383 1728 protestationibus.
1398 1613 1541 1733 ffleffi,

336 1737 407 1793 Fuit
423 1740 512 1794 etiam
531 1757 547 1793 o
565 1741 709 1795 contrario
725 1744 927 1812 protestatum.
964 1740 1040 1796 Acta
1055 1746 1123 1796 suut
1134 1740 1197 1795 hmo
1207 1741 1239 1796 iu
1250 1741 1384 1806 Francia,

335 1822 367 1877 ln
402 1824 532 1878 manerio
567 1823 659 1893 Regis
698 1823 830 1880 Franoim
865 1822 1043 1895 appellatum
1080 1823 1120 1856 ‘⁴‘
1133 1823 1384 1895 Boydevinoens,”

335 1922 434 1961 eoram
460 1906 561 1963 multis
585 1908 754 1979 proceribus
772 1907 856 1978 regni
876 1907 1064 1963 Francorum.
1114 1906 1198 1964 Dona
1222 1923 1292 1964 vero
1318 1926 1384 1979 qum

337 1989 440 2048 Franci
465 1991 542 2061 Regi
562 1991 726 2063 Anglorum
748 1998 992 2064 praeparaverant,
1015 1997 1045 2047 et
1062 1992 1191 2057 exennia,
1211 1991 1272 2047 filio
1291 1991 1384 2062 Regis

335 2092 424 2130 manu
453 2075 590 2146 largiflua
618 2077 800 2143 tribuebaut3
834 2094 958 2148 quorum
988 2076 1118 2133 favorem
1144 2076 1262 2148 juvenis
1292 2076 1384 2147 Regis

335 2158 413 2214 illius
431 2160 620 2216 indicibiliter
638 2169 809 2217 consecutus
827 2167 881 2217 est.

370 2244 481 2300 Eodem
497 2262 580 2309 anne,
595 2245 700 2310 Guelfi,
714 2245 862 2302 venientes
881 2247 917 2301 do
929 2245 1079 2301 Florentia
1094 2244 1132 2299 ad
1149 2244 1268 2310 Lucam,
1286 2262 1383 2317 sump-
1396 2253 1552 2350 rheoualphs

334 2328 413 2383 tibus
444 2336 475 2384 ot
503 2329 540 2384 de
564 2329 699 2385 mandato
724 2330 821 2402 Papae,
849 2347 902 2402 per
927 2329 1089 2385 Gibollinos
1107 2330 1184 2400 eapti
1210 2329 1334 2394 fuerant,
1353 2305 1539 2401 etffiffiffii

335 2412 421 2468 multi
440 2413 596 2478 interiecti,
610 2430 644 2468 aa
662 2414 760 2469 castori
778 2415 809 2468 in
827 2414 928 2485 fugam
947 2414 1014 2469 aeti.
1397 2407 1461 2450 “¹¹⁶⁸-

282 2495 305 2545 ›l·
370 2497 436 2551 Hoc
454 2515 528 2552 anno
546 2498 576 2551 in
594 2503 704 2562 astate,
719 2503 749 2553 et
760 2499 849 2553 etiam
861 2516 936 2553 anno
949 2496 1092 2569 sequenti,
1106 2501 1188 2552 tanta
1199 2496 1257 2553 fnit
1268 2497 1383 2554 siccitas
1397 2496 1502 2561 Assrfflt

335 2580 415 2656 quod
431 2598 501 2637 vero
518 2581 577 2636 dici
594 2589 693 2655 posset
710 2581 785 2636 illud
802 2582 942 2638 'Phoedoli
961 2582 997 2636 do
1015 2582 1070 2637 hac
1087 2587 1220 2637 terraz-
1397 2564 1511 2629 ‘lwussht

478 2682 498 2707 “
510 2678 675 2750 Anglorum
693 2685 786 2735 terras
800 2680 864 2751 jam
883 2679 996 2735 fervida
1012 2680 1120 2735 torruit
1137 2684 1233 2744 restas,

478 2767 497 2792 “
510 2764 547 2822 In
565 2762 678 2821 Oanoro
696 2766 766 2821 solis
784 2766 855 2820 dum
872 2765 1002 2822 volvitur
1019 2782 1126 2820 aureus
1144 2763 1236 2820 exis.”

370 2859 445 2932 Quia
463 2862 561 2919 fluriis
579 2861 667 2918 etiam
686 2862 845 2933 majoribus
864 2861 1028 2926 desiccatis,
1049 2867 1079 2916 et
1098 2861 1226 2916 lontibus
1244 2859 1383 2925 rivorum,

332 2964 418 3019 aqum
446 2964 521 3018 peno
539 2948 570 3001 in
591 2947 665 3002 loeis
689 2947 825 3002 omnibus
850 2946 1032 3018 disparuere.
1071 2943 1267 3013 Quamobrem
1292 2945 1385 3000 multa

335 3031 481 3096 animalia,
501 3037 560 3088 tam
588 3031 747 3088 domestica
772 3048 858 3102 quam
885 3030 1049 3103 sylvestria,
1075 3046 1136 3100 prm
1160 3034 1246 3099 potus
1264 3029 1386 3101 penuria

335 3114 477 3171 defecero.

284 3202 319 3262 th,
370 3201 481 3257 Eodem
508 3219 591 3265 anuo,
620 3201 719 3256 statim
744 3207 811 3273 post
835 3200 943 3255 festum
969 3197 1068 3254 Sancti
1097 3195 1260 3261 Michaelis,
1292 3195 1551 3268 voluitTheQneen

335 3285 398 3340 Rex
421 3283 548 3355 Anglioe,
570 3284 648 3357 quod
666 3284 791 3340 Domina
812 3283 936 3353 Regina,
956 3280 1061 3352 conjux
1080 3297 1141 3344 sua,
1161 3286 1191 3335 ot
1217 3280 1295 3336 filius
1314 3298 1383 3336 suus
1397 3273 1446 3321 find
1460 3271 1552 3324 ΡΓῙΜΘ
1614 3276 1621 3290 ’

283 3353 304 3391 ’·
336 3369 506 3434 Edwardus,
527 3370 603 3424 iacto
628 3369 774 3440 homagio,
798 3374 832 3424 ut
855 3365 1054 3438 praemittitur,
1080 3364 1139 3420 cito
1163 3368 1194 3420 et
1218 3364 1280 3419 sine
1304 3382 1386 3419 mora
1396 3338 1513 3456 ἕξω

335 3453 489 3509 redissent.
540 3452 598 3507 Sed
625 3453 740 3522 Regina
757 3459 787 3508 ct
804 3451 883 3507 filius
902 3468 982 3515 suus,
1002 3448 1126 3505 remissa
1143 3466 1250 3520 magna
1273 3448 1386 3504 familia
1483 3444 1488 3455 '

336 3536 489 3608 utriusque
517 3537 546 3591 in
573 3536 721 3607 Angliam,
746 3554 799 3608 per
822 3541 917 3592 totum
942 3534 1027 3590 illum
1053 3551 1160 3588 aunum
1183 3539 1386 3589 romanserunt

335 3621 454 3686 ibidem,
471 3629 504 3676 ut
521 3621 681 3685 dicebatur,
701 3620 796 3676 inviti.
834 3619 895 3676 Alii
913 3636 984 3675 vero
1002 3618 1170 3673 asserebant
1188 3617 1265 3690 quod
1284 3617 1386 3674 volun·
1396 3631 1508 3682 nrm.

334 3706 418 3769 tario,
446 3711 565 3776 propter
593 3705 714 3760 nimiam
744 3704 973 3759 familiaritatem
1001 3708 1072 3757 tune
1101 3707 1279 3758 contractam
1309 3698 1489 3757 interforthe

334 3790 443 3845 dictam
462 3789 605 3859 Reginam
624 3795 654 3843 et
671 3788 829 3844 Dominum
849 3787 999 3857 Regerum
1017 3787 1054 3840 do
1072 3784 1189 3841 Mortuo
1206 3785 1301 3852 Mari3
1322 3787 1384 3842 sine
1397 3763 1506 3881 (ἕξετε

336 3892 393 3946 quo
423 3881 454 3929 ot
483 3873 548 3928 aliis
578 3871 724 3927 nobilibus
754 3872 790 3926 de
820 3871 930 3941 Anglin
959 3869 1151 3943 'profugatis
1182 3870 1277 3925 noluit
1306 3847 1423 3925 dietare
1452 3846 1494 3881 ω’

335 3959 450 4030 Regina
474 3957 586 4023 rediro;
611 3965 642 4013 et
666 3957 790 4012 maximo
815 3956 846 4011 in
869 3955 968 4010 odium
992 3954 1109 4010 illorum
1133 3954 1382 4026 Dispensatorem,

336 4049 366 4099 ot
396 4043 562 4112 ‘Hugonis
596 4042 646 4114 qui
677 4059 752 4097 anno
782 4040 958 4112 praecedenti
988 4045 1215 4111 procuraverunt
1245 4038 1384 4094 familiam

336 4127 457 4199 Regina
475 4126 511 4180 ab
530 4127 594 4198 ipsa
611 4126 764 4180 removeri.
802 4123 886 4193 Quod
912 4123 1091 4196 propesitum
1119 4122 1258 4193 Reginm⁶
1284 4126 1385 4193 postea

335 4212 378 4265 roi
405 4211 500 4265 exitus
527 4209 734 4282 comprobavit.
773 4208 855 4278 Quod
873 4208 1036 4280 percipiens
1048 4208 1204 4271 Walterus,
1225 4205 1384 4278 Episcopus

337 4295 516 4359 llxonieusis,
530 4294 567 4350 do
584 4294 722 4350 comitiva
739 4291 825 4350 dieta
837 4292 960 4365 Regiam
977 4292 1054 4348 olam
1071 4292 1200 4348 recessit.

371 4583 377 4611 ¹
392 4580 495 4632 Oxoaioe
506 4581 532 4629 in
545 4579 608 4646 orig.
620 4579 671 4629 and
682 4579 725 4630 the
736 4577 836 4642 printed
859 4584 862 4677 p
917 4581 926 4608 ³
934 4578 1082 4645 profanatis
1092 4577 1120 4628 in
1130 4574 1251 4627 Perker's
1261 4580 1323 4625 text

337 4668 423 4720 textu
446 4662 575 4711 corrected
597 4660 663 4709 from
687 4658 836 4709 Marimath.
860 4690 862 4709 ι
920 4658 997 4708 ‘The
1016 4658 1084 4706 word
1106 4654 1221 4721 Haqonis
1239 4655 1261 4705 is
1282 4653 1385 4706 omitted

339 4741 368 4791 ln
387 4741 444 4792 MS.
462 4742 528 4791 Bibl.
553 4741 616 4804 ling.
637 4744 667 4787 13
685 4739 714 4790 F.
739 4739 774 4790 ix.
794 4739 837 4788 the
861 4772 863 4782 ι
886 4739 982 4788 herois
995 4736 1141 4786 Murirnmh.

339 4822 439 4886 writing
455 4822 484 4870 of
498 4821 549 4869 this
560 4821 629 4869 word
645 4819 781 4869 somowhnt
798 4833 837 4866 ro-
861 4795 863 4848 l
920 4816 1087 4877 ‘Acoorrling
1097 4824 1123 4865 to
1134 4831 1183 4866 oue
1193 4815 1249 4865 MS.
1267 4816 1298 4865 of
1305 4816 1385 4865 Muri-

339 4902 444 4951 sembles
458 4901 574 4957 oronim
593 4899 697 4949 whence
716 4898 836 4962 probably
888 4896 967 4956 math,
976 4897 1018 4945 the
1029 4897 1110 4945 words
1122 4900 1136 4923 ‘⁴
1142 4894 1274 4960 displicuit,
1284 4902 1310 4943 at
1317 4895 1331 4920 ’¹
1344 4911 1386 4945 arc

341 4980 382 5029 the
393 4981 564 5031 transcriber's
574 4979 688 5030 mistake.
887 4974 991 5025 omitted
1004 4974 1070 5024 here.

370 5061 380 5089 ²
390 5061 429 5110 ie.
442 5060 502 5109 Bois
513 5059 704 5109 devinctum

1200 5150 1252 5178 U·
