3750 6250
666 1057 830 1114 maroam
851 1064 1058 1116 arenosas
1342 1051 1381 1121 71

226 1236 322 1362 ffl-
339 1244 440 1317 Regis,
460 1254 491 1303 at
508 1266 560 1319 pro
577 1251 729 1306 retroactis
747 1252 951 1323 impunitatem
969 1252 1152 1324 spondentes.
1194 1250 1250 1319 Qui
1268 1247 1550 1321 respon-A.D.1297.

226 1372 288 1450 :41³

226 1451 267 1489 su

339 1328 445 1387 derunt
471 1348 502 1387 se
528 1332 565 1386 ad
591 1351 729 1404 pugnam,
757 1352 815 1390 non
842 1335 878 1389 ad
905 1353 1015 1406 pacem,
1044 1336 1168 1390 venisse.
1207 1334 1279 1388 Erat
1301 1334 1386 1404 juxta

340 1413 489 1486 Strivelyn
501 1434 573 1487 pons
591 1425 682 1482 artus,
697 1419 748 1488 qui
760 1418 885 1474 ducebat
902 1419 982 1474 ultra
998 1437 1104 1490 aquam
1117 1418 1384 1490 profundissimam,

340 1515 426 1568 quem
454 1499 573 1570 Anglici
606 1503 740 1557 certatim
771 1504 896 1558 transire
930 1503 1115 1569 nitebantur,
1148 1502 1199 1558 sad
1231 1502 1386 1558 'dissuasit

339 1581 392 1638 hoc
411 1583 554 1640 Ricardns
572 1583 608 1640 de
626 1585 739 1656 Lundy,
760 1604 892 1641 assereus
918 1587 997 1657 quod
1022 1605 1079 1642 non
1102 1593 1221 1658 possent
1248 1587 1336 1641 simul
1354 1588 1385 1641 in

338 1666 524 1723 multitudine
551 1669 651 1739 aliqua
673 1670 821 1741 progredi,
850 1669 902 1726 sed
936 1676 1049 1726 mutum
1075 1670 1146 1735 bini,
1172 1671 1219 1725 vel
1244 1672 1321 1726 terni
1347 1671 1385 1726 ad

338 1750 420 1819 plus,
441 1759 472 1807 et
489 1752 515 1807 si
532 1753 585 1807 tali
603 1752 688 1808 modo
706 1755 845 1809 transiret
869 1756 1022 1817 exercitus,
1042 1754 1157 1810 dicebat
1182 1755 1291 1825 mande
1309 1756 1385 1826 peri-

336 1834 433 1888 culum
452 1836 603 1890 imminere
622 1836 679 1891 hiis
699 1838 749 1908 qui
768 1838 862 1907 primo
881 1839 1067 1902 transierunt,
1088 1856 1154 1893 cnm
1168 1837 1248 1892 Scoti
1266 1845 1385 1909 possent

335 1935 449 1988 semper
466 1937 573 1989 paucos
599 1921 708 1991 pariter
729 1928 913 1978 transeuntes
939 1922 977 1977 ad
994 1929 1063 1976 vota
1086 1923 1240 1994 perimere.
1279 1921 1383 1976 Comes

334 2008 430 2056 tamen
448 2001 609 2066 Warennae,
624 2003 812 2059 suadentibus
831 2005 897 2059 aliis
916 2006 1013 2060 minus
1032 2005 1221 2076 sapientibus,
1242 2005 1333 2075 elegit
1350 2010 1384 2060 ut

335 2100 384 2153 per
396 2093 515 2155 pontem
525 2087 708 2142 ’mausirent
733 2086 804 2159 ⁸[Elt
819 2089 902 2143 eccel
923 2096 1079 2159 antequam
1092 2087 1309 2159 pertransisset]
1324 2106 1383 2142 me·
1396 2096 1452 2149 The
1463 2099 1534 2165 Eng.

334 2166 426 2222 dietas
445 2171 600 2234 exercituo,
621 2173 789 2242 supervenit
816 2173 973 2227 multitudo
1000 2172 1162 2236 Scotorum,
1183 2178 1213 2226 et
1239 2190 1306 2226 cum
1324 2163 1502 2226 hijglishde-

334 2254 382 2320 qm
406 2254 469 2322 jam
496 2256 672 2311 transierant
698 2274 863 2326 congressa,
895 2274 969 2327 pene
994 2274 1093 2310 omnes
1127 2256 1178 2325 qui
1207 2256 1383 2310 transierant
1394 2232 1522 2351 {²¹05ch
1599 2243 1603 2250 ¹

334 2336 499 2392 trucidavit.
537 2339 619 2394 Inter
637 2357 744 2410 pancos
771 2340 821 2410 qui
848 2344 1014 2403 evaserunt,
1044 2340 1100 2393 fuit
1120 2338 1326 2394 Marmeducus
1346 2307 1438 2393 dete
1485 2309 1530 2354 ου’

334 2418 467 2490 Twengs,
483 2422 534 2490 qui
553 2422 583 2476 in
601 2440 708 2493 magna
725 2423 835 2477 virtute
861 2423 989 2477 obtinuit
1014 2430 1142 2494 pontem,
1163 2429 1197 2477 nt
1221 2423 1319 2478 salvus
1338 2441 1383 2477 re·

334 2501 416 2558 diret.
465 2504 570 2559 Comes
595 2505 758 2569 Warennoe,
793 2506 899 2562 Custos
931 2507 1047 2566 Scotiee,
1080 2524 1174 2577 nsque
1199 2507 1381 2562 Berenicum

335 2586 458 2657 fugiens,
478 2588 624 2642 commisit
650 2590 813 2643 custodiam
841 2590 928 2644 castri
956 2589 991 2644 de
1012 2589 1161 2661 Strivelyn
1182 2590 1379 2646 Marmeduco.

334 2669 517 2726 senescallus
529 2689 599 2726 vero
613 2672 718 2727 Scotisu
731 2680 762 2728 et
773 2673 878 2727 Comes
891 2673 927 2726 de
937 2673 1084 2737 Leweues,
1095 2672 1228 2728 videntes
1240 2672 1381 2744 Anglicos

333 2755 486 2818 corruisse,
500 2757 722 2825 transfugerunt
733 2756 769 2810 ad
783 2757 894 2811 Scotos.
933 2754 1048 2811 Cecidit
1060 2761 1157 2810 autem
1170 2757 1200 2810 in
1212 2756 1266 2812 hoo
1278 2758 1382 2828 proelio

335 2837 421 2909 Hugo
439 2839 476 2892 de
496 2838 714 2910 Cressingham,
735 2839 947 2895 Thesaurarius
976 2840 1101 2906 Scotioe;
1131 2857 1219 2910 quem
1238 2841 1317 2896 Secti
1345 2842 1381 2896 ob

333 2922 430 2978 odium
443 2923 568 2994 speciale
586 2924 773 2988 excoriantes,
788 2924 894 2994 pellem
913 2924 976 2994 ejus
996 2924 1025 2977 in
1037 2924 1195 2994 particulas
1208 2923 1379 2980 diviserunt.

334 3006 436 3062 Comes
458 3006 620 3071 Warennoe,
650 3006 756 3063 Custos
783 3008 898 3071 Scotim,
926 3008 962 3061 de
989 3007 1137 3064 Berewioo
1164 3008 1242 3078 sugit
1268 3008 1297 3074 iu
1321 3009 1382 3063 An·

334 3090 432 3161 gliam,
462 3091 500 3146 ad
526 3091 619 3147 filium
645 3091 746 3162 Regis,
774 3091 969 3155 Edwardum;
999 3090 1196 3162 fugemmtque
1223 3098 1290 3162 post
1314 3108 1381 3147 eum

334 3182 361 3231 et
378 3176 477 3232 caeteri
490 3177 618 3247 Anglici,
633 3177 684 3246 qui
704 3177 733 3231 in
752 3176 901 3230 Berenice
919 3181 1011 3237 erant,
1031 3175 1133 3229 villam
1146 3176 1241 3230 Scotis
1259 3193 1382 3230 vacuam

333 3260 539 3330 relinquentes.
577 3259 720 3316 Custodes
747 3265 844 3314 tamen
869 3260 968 3323 castri,
989 3257 1064 3313 illud
1088 3265 1228 3322 tenentes,
1255 3260 1383 3315 viriliter

333 3341 531 3399 defenderunt.

366 3427 444 3482 Dum
463 3428 526 3482 hoec
544 3434 701 3497 agerentur
718 3445 736 3480 a
755 3425 860 3490 Scotis,
884 3443 1003 3481 suasum
1021 3432 1066 3480 est
1084 3425 1143 3479 filio
1162 3425 1253 3495 Regis
1272 3444 1290 3480 a
1308 3426 1381 3482 Con·
1395 3428 1544 3484 Conditions

335 3510 397 3565 silio
422 3529 484 3576 suo,
504 3519 538 3566 ut
556 3511 684 3566 Comites
704 3510 886 3564 Herelordioe
905 3516 935 3563 et
959 3509 1125 3564 Marcscalli
1149 3516 1274 3573 vocaret,
1297 3518 1336 3575 et,
1357 3512 1380 3566 si
1395 3499 1549 3580 ‘',flecfflel‘

335 3613 388 3663 quo
404 3594 490 3650 modo
509 3604 614 3664 posset,
631 3595 668 3649 nd
685 3611 786 3665 pacem
800 3593 940 3648 alliceret.
979 3593 1035 3661 Qui
1052 3612 1118 3648 cnm
1130 3595 1224 3649 vocati
1240 3596 1380 3659 venirent,
1395 3566 1550 3682 ¹¹⁸t¹⁰¹²bpw

335 3677 361 3732 in
380 3680 504 3733 sormam
521 3679 601 3749 pacis
620 3677 814 3747 subscriptam
832 3677 997 3740 voluerunt,
1017 3683 1048 3731 et
1064 3677 1175 3731 nnllam
1199 3678 1296 3743 aliam,
1316 3696 1381 3733 con·
1394 3700 1437 3750 the
1449 3651 1552 3750 Efflyos

335 3764 496 3817 sentire:-
1395 3766 1520 3817 Ilerel'ord

366 3846 475 3911 Primo,
502 3844 579 3916 qnod
603 3845 744 3901 Dominus
770 3844 831 3898 Rex
857 3844 995 3899 Chartam
1016 3844 1163 3915 Magnam,
1184 3864 1251 3901 cum
1269 3847 1382 3902 coeteris
1395 3834 1515 3883 ⁸¹¹dE⁸¹¹

334 3929 472 3986 Articulis
491 3930 622 4002 adjectis,
643 3937 673 3984 ct
691 3928 830 3984 Chartam
849 3928 884 3982 de
897 3926 1027 3992 Foresta,
1041 3939 1149 3984 annuat
1167 3936 1197 3985 et
1214 3932 1380 3994 confirmat;
1394 3899 1514 3950 Mmhal'

334 4021 360 4069 et
385 4014 462 4086 quod
486 4014 600 4069 nullum
627 4013 768 4068 auxilinm
792 4013 840 4066 vel
865 4013 1047 4067 vexationem
1074 4015 1172 4084 exigat
1196 4033 1214 4069 a
1238 4016 1316 4069 clero
1335 4013 1380 4069 rel

335 4099 446 4169 populo,
474 4098 584 4169 absque
603 4097 724 4153 consilio
742 4104 772 4151 et
790 4114 927 4162 assonam
953 4103 983 4150 et
1008 4095 1086 4167 quod
1104 4115 1218 4152 omnem
1242 4099 1381 4154 offensam

335 4180 504 4243 comitibus,
525 4190 674 4236 eteorum
693 4179 906 4244 oonsoederatis,
922 4179 1060 4236 dimittat.

367 4264 514 4319 ‘Articuli
534 4262 641 4335 adjecti
659 4263 696 4319 ad
714 4262 852 4333 Magnam
874 4263 1014 4319 Chartam
1032 4270 1100 4319 sunt
1117 4263 1166 4319 isti
1177 4287 1222 4319 :—

367 4352 385 4375 “
399 4347 524 4402 Nullum
536 4346 700 4417 tulliaginm
714 4346 762 4401 vel
774 4347 915 4400 auxilinm
930 4365 984 4419 per
999 4365 1051 4403 nos
1063 4347 1110 4403 vel
1126 4349 1254 4404 haeredes
1266 4356 1379 4406 nostros
1391 4349 1540 4403 Artielesto

337 4440 352 4458 ,ι
372 4432 407 4488 de
433 4440 538 4487 cratero
563 4431 593 4485 in
618 4448 709 4501 regno
743 4438 842 4486 nostro
875 4431 1041 4501 imponatur
1073 4451 1124 4487 seu
1160 4433 1280 4498 levetur,
1316 4418 1524 4553 mldbffis

1392 4551 1494 4603 Charta.

1270 4606 1379 4615 ι-

366 4729 540 4780 1Αὑιειωιιὶεἰιι
553 4727 615 4793 orig.
883 4725 999 4778 Arundel
1012 4724 1069 4777 MS.
1103 4726 1175 4794 They
1194 4743 1235 4779 are
1255 4730 1332 4781 found
1352 4732 1379 4783 iu

364 4812 374 4839 ²
385 4811 529 4859 tussiens!
540 4809 567 4858 iu
580 4809 643 4874 orig.
883 4808 1034 4872 llishanger.

365 4889 468 4939 'These
492 4889 580 4946 words,
603 4903 629 4937 as
648 4884 724 4952 given
744 4884 771 4935 in
792 4886 832 4936 the
915 4888 997 4937 ‘Also
1026 4886 1101 4952 given
1126 4889 1161 4954 by
1187 4889 1379 4958 Hemingbnrgh

335 4968 430 5032 printed
449 4975 525 5030 texts,
545 4982 588 5018 ure
612 4965 717 5017 omined
738 4966 766 5016 iu
788 4965 832 5016 the
884 4967 986 5032 (lhpp.
1001 4971 1056 5029 151,
1070 4969 1338 5037 nacoliensem).
