3750 6250
753 1097 1135 1149 srsroamsuouroaua
1405 1088 1467 1157 179

303 1291 387 1347 ,nm
417 1276 540 1333 nuncios
561 1276 633 1333 duos
657 1278 826 1352 Episcopos,
855 1282 905 1352 qni
933 1283 1029 1354 primo
1062 1301 1164 1354 paeem
1192 1283 1345 1339 studerent
1372 1284 1467 1339 iacere
1480 1287 1548 1340 Ad).
1562 1296 1634 1342 1326.

303 1366 356 1411 ila
418 1361 495 1416 inter
517 1362 630 1433 Regem
649 1369 680 1418 et
708 1364 862 1436 Reginam,
894 1372 925 1421 et
951 1366 1121 1422 secundarie
1153 1368 1230 1423 inter
1257 1368 1365 1438 Reges.
1409 1368 1466 1438 Qui
1479 1355 1594 1407 N¹¹¹¹050⁸

302 1444 325 1480 ¹*
417 1453 585 1502 reverenter
620 1447 750 1512 admissi,
784 1449 859 1503 nihil
895 1457 1003 1521 prater
1034 1452 1231 1507 reverentiam
1272 1459 1463 1524 receperunt;
1477 1424 1634 1542 {ftftbdffi‘

416 1531 494 1585 unde
512 1531 642 1587 dolentes
666 1533 777 1588 reversi
797 1539 874 1598 sunt,
897 1534 932 1588 de
952 1553 1023 1606 pace
1043 1537 1162 1607 penitus
1185 1537 1381 1607 desperantes.
1477 1504 1614 1607 iniis

451 1613 561 1669 Eodem
586 1633 660 1670 anno
685 1624 821 1672 coronata
847 1617 904 1671 luit
937 1618 1070 1674 Parisius
1096 1619 1212 1690 Regina
1238 1620 1387 1686 Franciar;
1415 1622 1632 1691 eui0010mt10„

415 1697 593 1756 solemnitati
614 1702 772 1757 interfuere
785 1702 882 1772 Reges
903 1703 999 1766 multi,
1021 1704 1118 1759 Duces
1138 1704 1268 1774 plurimi,
1284 1705 1414 1761 Comites
1434 1712 1464 1762 et
1477 1704 1508 1753 0f
1520 1706 1564 1755 the

415 1782 544 1838 Berones
564 1802 684 1839 numero
704 1803 778 1857 pene
790 1785 964 1850 incredibili,
978 1804 1045 1841 cum
1066 1788 1128 1842 suis
1147 1787 1290 1841 militibus
1307 1787 1463 1860 plusquam
1477 1772 1565 1833 Quem
1575 1774 1607 1822 ⁰s

415 1866 592 1938 quingentis.
642 1869 724 1924 Inter
753 1888 825 1941 quos
855 1870 1026 1935 Edwardus,
1062 1871 1141 1926 lilius
1168 1871 1260 1942 Regis
1288 1871 1405 1942 Anglim
1432 1880 1463 1928 et
1475 1853 1575 1955 Pfinecg
1585 1859 1592 1899 ⁵

415 1949 482 2004 Dux
502 1951 565 2022 jam
598 1953 795 2023 Aquitannire,
831 1971 898 2008 eum
941 1955 1093 2026 sexaginte
1118 1961 1148 2011 et
1180 1954 1280 2010 decem
1305 1956 1459 2022 militibus,
1474 1970 1584 2021 Edwd

415 2033 558 2090 celebrius
581 2036 688 2091 festum
709 2038 786 2092 fecit.
1474 2044 1575 2099 present

449 2117 574 2182 Interea,
596 2128 744 2176 crescente
763 2121 830 2176 odio
851 2121 928 2177 inter
956 2122 1069 2191 Regem
1095 2121 1212 2192 Anglioe
1248 2128 1278 2176 et
1305 2122 1458 2193 Reginam,
1474 2104 1578 2155 ‘¹¹⁰¹‘ss

413 2200 526 2273 Regem
558 2203 691 2260 Francia
721 2212 750 2260 et
781 2207 894 2276 Regem
934 2205 1061 2276 Angliae,
1088 2213 1118 2261 et
1146 2211 1302 2277 utrumque
1324 2224 1457 2277 regnum,
1473 2182 1619 2298 §nimum

411 2286 505 2341 multa
527 2288 605 2344 mala
628 2289 742 2344 fiebant.
781 2290 863 2345 Inter
887 2308 961 2360 quae,
982 2290 1044 2344 Rex
1073 2289 1200 2360 Anglioe,
1233 2297 1321 2360 prout
1340 2290 1457 2356 dicitur,
1473 2265 1627 2379 ,gssffiiffie

411 2371 579 2441 procuravit
596 2380 719 2429 mortem
740 2375 839 2428 uxoris
872 2393 932 2428 sure
959 2379 989 2428 et
1016 2373 1068 2427 filii
1098 2374 1144 2428 sui
1170 2373 1318 2429 Edwardi.
1366 2374 1458 2445 Cujus
1474 2381 1560 2432 lifeos

413 2454 531 2510 sceleris
551 2458 749 2512 executionem
769 2457 887 2511 fecisset
908 2458 1050 2512 Dominus
1074 2457 1221 2511 Johanncs
1241 2457 1277 2512 de
1296 2458 1457 2520 Britannia,
1473 2448 1561 2509 Queen
1574 2450 1628 2502 ΙΜ-

413 2535 516 2592 comss
549 2539 778 2604 richemundie,
802 2541 941 2611 quicum
967 2541 1083 2611 segent
1114 2541 1268 2595 samnius
1300 2541 1375 2607 fura
1408 2515 1544 2596 seeb⁰¹¹⁸⁴

412 2617 475 2674 Deo
494 2622 673 2691 prohibente,
692 2623 745 2677 illa
765 2623 941 2678 machinatio
963 2624 1020 2678 fuit
1038 2625 1154 2694 penitus
1171 2623 1320 2695 impedita.

447 2702 483 2758 In
503 2707 560 2760 fine
578 2723 648 2762 vero
668 2708 735 2761 armi
755 2709 916 2778 praesentis,
940 2725 1007 2762 cum
1026 2708 1141 2776 Regina
1159 2714 1291 2763 cerneret
1309 2715 1459 2778 magnates
1475 2713 1627 2770 Queenlsa·

411 2787 542 2844 Franciae
568 2791 628 2845 fore
657 2800 808 2862 corruptos
840 2791 956 2861 magnis
987 2792 1157 2846 mrmeribus
1194 2792 1397 2862 Anglicorum,
1430 2798 1460 2847 et
1473 2780 1627 2832 bellalffllffl

410 2889 554 2943 nusquam
590 2881 682 2929 tutam
716 2875 811 2939 iidem,
853 2875 1003 2929 festinavit
1045 2873 1146 2945 egredi
1189 2874 1315 2929 calorem
1356 2876 1458 2930 domus
1471 2846 1604 2965 33¹¹&OE

410 2955 517 3020 Reoab,
540 2964 570 3013 et
589 2957 716 3013 Francos
729 2977 797 3013 suos
815 2959 974 3014 fairriliares
996 2964 1026 3013 et
1044 2959 1284 3029 cormanguiueos,
1309 2977 1362 3014 usa
1382 2961 1457 3030 sapi·
1470 2980 1558 3043 refuge
1569 2981 1596 3031 in

409 3040 470 3094 enti
501 3041 631 3106 consilio,
664 3043 787 3098 latenter
817 3042 904 3112 fugit,
936 3049 966 3096 ct
997 3041 1034 3095 ad
1069 3041 1213 3096 Comitem
1248 3042 1391 3096 Hanoniae
1426 3061 1457 3096 so
1471 3044 1599 3098 llainault

410 3126 542 3188 contulit,
564 3144 630 3181 cum
653 3146 705 3181 sua
718 3128 829 3181 familia
850 3134 880 3181 et
901 3126 961 3179 lilio
986 3143 1038 3180 suo
1059 3123 1211 3188 Edward0‚
1232 3126 1360 3195 petitura
1378 3128 1457 3180 auxi-

409 3206 483 3262 lium
504 3217 535 3265 et
554 3210 698 3275 savorem3
727 3229 744 3264 a
767 3228 834 3280 quo,
856 3226 923 3263 cum
952 3209 1013 3262 filio
1034 3220 1064 3262 et
1085 3209 1146 3263 suis
1172 3209 1314 3273 omnibus,
1346 3210 1457 3277 magni·

409 3291 463 3346 fiee
496 3299 541 3348 est
580 3302 723 3364 suscepta,
758 3299 788 3348 et
824 3291 1044 3355 honorabiliter,
1074 3298 1162 3363 prout
1189 3297 1300 3346 tantam
1325 3292 1458 3361 reginam

408 3374 516 3442 decuit,
538 3378 666 3432 exhibita
686 3396 739 3448 pro
759 3383 889 3446 temporo
912 3394 1000 3430 morae
1021 3394 1091 3431 suae.

443 3460 562 3515 Transit
573 3479 664 3516 annus
678 3462 733 3516 iste
745 3460 930 3515 mediocriter
943 3459 1056 3523 hilaris,
1070 3461 1191 3530 frugum
1205 3459 1394 3514 soecunditate
1410 3459 1459 3514 vel

407 3542 573 3609 fructuum3
594 3545 714 3599 Francis
735 3545 842 3608 verine,
857 3549 976 3614 propter
988 3561 1035 3598 ros
1053 3543 1182 3614 perditas
1195 3561 1261 3596 curn
1274 3542 1367 3597 classo
1388 3560 1457 3608 sua3

407 3626 541 3698 Anglioie
563 3635 715 3699 suspectus
744 3634 862 3698 proptor
890 3626 1021 3696 pericula
1047 3625 1249 3681 verisimiliter
1276 3625 1460 3681 imminentia

408 3712 461 3766 toti
481 3729 572 3781 regno
590 3706 642 3782 per
663 3712 841 3766 Francorum
868 3710 977 3771 odium,
1001 3710 1146 3780 perirem
1177 3708 1304 3773 exulum,
1330 3716 1360 3764 ct
1384 3709 1458 3764 redi·

406 3804 469 3849 tum
493 3795 659 3850 eorundem.

442 3879 527 3934 Anno
547 3880 651 3949 gratioe
670 3879 825 3933 millesimo
845 3879 1049 3932 trecentesimo
1078 3876 1219 3931 vicesimo
1245 3876 1375 3947 ¹quinto,
1406 3876 1457 3947 qui

406 3970 453 4017 est
470 3981 562 4018 annus
583 3964 667 4034 regni
686 3963 778 4033 Regis
797 3961 943 4025 Edwardi,
962 3979 980 4014 a
1001 3960 1179 4032 conquaestu
1200 3959 1337 4024 Secundi,
1351 3977 1457 4013 nonus-

405 4046 546 4111 decimus,
568 4049 663 4103 tenuit
684 4047 747 4101 Rex
766 4046 873 4100 Natolo
895 4045 973 4116 apud
986 4044 1125 4099 Sanctum
1137 4044 1334 4109 Rdmundum,
1349 4044 1455 4098 timens

405 4131 591 4188 vehementer
610 4132 731 4199 Regium
751 4130 887 4191 reditum,
909 4136 940 4183 et
963 4129 1081 4183 exulum
1099 4129 1148 4198 qni
1173 4146 1239 4182 cum
1264 4146 1299 4182 ea
1319 4128 1445 4181 fuerunt.

401 4376 590 4465 Sporteolt'o
611 4382 781 4444 corrinnei
802 4374 894 4440 tunt·
915 4372 1037 4459 filiunt
1061 4371 1203 4439 Cornelio
1224 4368 1400 4434 Hanoniro
1422 4376 1452 4433 ct

435 4489 439 4499 '
512 4481 638 4567 filiam
659 4478 762 4566 Regia
785 4475 924 4559 Aaplicc
935 4500 950 4555 ;
972 4482 1003 4539 ct
1024 4474 1097 4540 redi
1101 4481 1155 4537 tua
1174 4470 1319 4555 Reginca

438 4661 502 4717 Hoc
519 4680 603 4725 anno,
630 4658 764 4721 Isabelln,
794 4657 908 4727 Regina
932 4654 1059 4724 Anghm,
1086 4652 1241 4708 contractis
1268 4651 1450 4724 sponsalibus
1464 4660 1556 4713 Prisce

400 4747 477 4801 inter
496 4746 588 4800 lilium
608 4751 638 4800 ct
656 4743 779 4800 Comitis
798 4740 941 4796 Hauonioe
959 4738 1059 4800 filiam,
1082 4734 1304 4806 “Philippam”
1322 4737 1448 4801 nomino,
1463 4729 1595 4846 med

613 4915 633 4920 1-
697 4914 712 4919 ..
733 4913 741 4917 -
827 4910 875 4915 —
889 4904 1064 4913 .-.—-...--—-
1135 4903 1156 4909 --
1181 4903 1450 4913 —.......-—-—

710 5050 715 5063 .
768 5018 852 5068 'rere
862 5016 890 5065 in
902 5016 946 5067 the
957 5012 1056 5079 printed
1068 5018 1142 5063 texts.

1244 5132 1272 5180 Μ
1296 5120 1316 5180 2
