3750 6250
499 1065 565 1128 160
828 1078 957 1127 molt:
980 1079 1212 1134 nummum

332 1269 399 1322 Al).
413 1277 481 1324 1³21.
498 1279 527 1322 et
554 1283 659 1338 [uncos
686 1266 766 1328 alios,
795 1277 861 1320 ante
892 1266 977 1320 linem
1023 1269 1115 1336 egotii
1145 1279 1307 1328 retrorsum
1334 1277 1485 1340 abierunt.
1512 1291 1554 1344 et.

494 1370 556 1424 prs·
569 1352 671 1404 timore
688 1350 798 1408 mortis.
813 1368 844 1404 se
857 1350 931 1419 Regi
944 1350 1135 1408 dediderunts
1154 1355 1207 1409 sed
1218 1357 1282 1412 brec
1294 1359 1420 1418 inferius
1434 1365 1554 1437 plenius

495 1435 679 1492 videbuntur.
718 1435 849 1506 Cumque
863 1435 999 1494 Baroues.
1012 1449 1046 1491 ut
1062 1438 1227 1508 praefertur,
1241 1442 1321 1513 apud
1333 1445 1553 1509 Schirlmrnam
1565 1459 1639 1516 'frah

494 1521 704 1582 convenissent,
726 1518 864 1591 quosdam
891 1520 1029 1574 articulos
1055 1521 1085 1575 iu
1111 1520 1374 1596 ¹proscriptionem
1399 1531 1639 1644 dietommffll

495 1607 630 1676 Hngonis
656 1619 685 1662 et
711 1605 845 1677 lingonis
873 1619 1111 1676 composuerunt3
1132 1607 1184 1661 sed
1208 1621 1306 1665 mmen
1324 1613 1390 1668 vias
1411 1617 1495 1687 juris
1521 1595 1639 1726 “82¹1

495 1691 640 1761 requitatis
660 1692 689 1745 in
707 1691 760 1745 bac
779 1697 860 1761 parte
877 1690 995 1760 penitus
1013 1690 1182 1754 omisenmt,
1202 1710 1323 1749 suorum
1341 1715 1398 1768 pro
1414 1707 1552 1776 tempore
1563 1727 1593 1778 ρ,
1602 1729 1635 1782 ὴ

331 1779 481 1829 Aadvrak
495 1783 668 1847 exequentes
694 1776 819 1846 impetus
845 1774 1015 1827 animorum.
1064 1773 1141 1827 Nam
1165 1775 1284 1831 illorum
1308 1779 1386 1836 laona
1409 1787 1465 1855 qui
1489 1787 1551 1846 illis

329 1845 464 1896 ‘belm'
496 1861 542 1916 vcl
562 1861 689 1915 amicitia
707 1859 753 1912 vel
772 1857 909 1912 affinitate
923 1856 1018 1928 juncti
1038 1857 1161 1918 fueraut,
1181 1859 1338 1917 furibunde
1357 1865 1550 1938 invadebant,

329 1927 448 2030 ff'ffie
495 1945 640 2018 capientes
659 1949 754 1998 castra
770 1959 822 2013 per
837 1939 1013 2004 violentiam,
1026 1949 1173 1996 vastantes
1191 1944 1302 2014 praedia
1319 1965 1375 2018 per
1390 1952 1550 2021 malitiam,

329 1996 423 2096 fggnd„
433 2049 464 2097 os
495 2037 525 2084 et
544 2030 718 2100 perimentes
737 2026 859 2080 famulos
873 2032 1002 2095 repertos
1015 2026 1045 2078 in
1060 2026 1200 2080 custodiis
1216 2030 1394 2099 eorundem
1414 2035 1550 2096 dolentes

328 2115 370 2162 the
383 2114 421 2162 ne
494 2114 532 2168 ob
549 2115 603 2168 boc
621 2109 827 2167 tantummodo.
850 2108 927 2179 quod
952 2125 1052 2162 eorum
1076 2126 1214 2180 personas
1239 2129 1354 2184 capere,
1377 2135 1455 2189 quos
1480 2123 1549 2179 ode.

328 2183 457 2246 ''l“''cffll
494 2205 572 2261 runt,
593 2197 712 2252 minime
730 2207 894 2265 potuemnt.
941 2192 1084 2246 Prtedicta
1102 2193 1179 2247 furia
1196 2194 1233 2249 de
1251 2196 1299 2250 die
1318 2198 1349 2253 in
1368 2201 1451 2257 diem
1468 2207 1549 2264 vires

494 2291 635 2344 sumente,
672 2279 799 2333 Berones
829 2275 944 2329 vexillis
975 2276 1124 2347 explicatis
1155 2277 1192 2331 ad
1223 2278 1365 2336 Sanctum
1396 2286 1547 2347 Albanum

494 2366 622 2428 veniunt,
650 2381 702 2435 per
727 2363 803 2415 viam
834 2360 1004 2431 diripientes
1034 2360 1142 2431 ubique
1168 2363 1316 2429 victualia,
1344 2375 1377 2424 et
1401 2389 1547 2446 pauperes

494 2457 580 2504 terra»
593 2455 755 2518 gravantes.
794 2446 829 2499 In
847 2444 900 2498 hac
919 2445 1056 2499 comitiva
1074 2447 1191 2500 fuerumt
1208 2447 1338 2519 quidam.
1353 2455 1407 2524 qui
1424 2469 1548 2532 propter

494 2534 688 2587 inveteratum
708 2530 804 2584 odium
824 2528 1034 2582 nonasterium
1062 2529 1160 2584 Sancti
1186 2531 1304 2597 Albani,
1325 2535 1461 2609 dictique
1487 2543 1545 2600 loci

494 2617 658 2676 monachos,
679 2632 710 2669 se
729 2620 900 2682 gravaturus
926 2612 1110 2668 devoverant.
1158 2613 1216 2669 Sed
1241 2623 1349 2681 tamen,
1370 2621 1545 2695 disponente

495 2701 566 2763 Deo,
578 2701 627 2771 qiu
637 2699 781 2753 neminem
794 2698 898 2751 tentari
912 2697 1056 2768 permittit
1068 2716 1156 2769 supra
1167 2699 1256 2764 vires,
1270 2702 1377 2758 borum
1389 2711 1544 2780 magister,

327 2782 383 2833 'l'lte
394 2783 473 2850 Μοῖρ’
493 2793 523 2840 et
548 2793 648 2840 auctor
667 2790 753 2839 anuo
778 2782 905 2845 melitite,
925 2782 956 2836 in
973 2782 1045 2836 villa
1062 2782 1098 2837 dc
1118 2783 1293 2855 Aleysbury,
1313 2788 1489 2863 priusquam
1508 2797 1545 2851 ad

326 2850 405 2899 ’ΜΘ
494 2870 631 2925 Sanctum
657 2867 802 2922 Albanum
829 2865 995 2934 attingeret,
1019 2866 1120 2919 morbo
1138 2885 1294 2937 percussus
1319 2872 1543 2942 irremediabili,

325 2917 470 3034 mx?
493 2955 618 3026 propriis
644 2953 772 3023 scipsum
798 2950 936 3020 discerpit
954 2950 1095 3006 manibus.
1117 2957 1147 3004 et
1165 2958 1230 3022 post
1248 2951 1321 3006 diros
1339 2955 1405 3012 dies
1423 2962 1544 3018 misera·

325 3013 479 3101 Mummi.
494 3039 591 3093 biliter
609 3036 760 3109 expiravit.
808 3033 923 3094 Crateri,
944 3043 1003 3087 tam
1023 3033 1197 3088 formidabili
1217 3038 1382 3095 tremefacti
1401 3043 1541 3110 vindicta,

325 3119 468 3185 raculously
491 3142 590 3178 casum
621 3141 674 3195 pro
703 3118 843 3175 miraculo
873 3125 1049 3190 reputantes,
1076 3117 1112 3172 ab
1142 3119 1311 3176 executione
1340 3128 1402 3181 voti
1434 3128 1541 3195 illiciti,

324 3188 437 3237 mlum·
491 3210 596 3264 timore
615 3207 709 3277 magis
729 3223 816 3276 aquam
835 3201 1152 3266 am01·e,dcstiteruut.²

325 3288 381 3339 The
393 3290 443 3340 Ba·
526 3293 677 3359 Magoates
702 3308 780 3349 vero,
806 3288 883 3359 apud
908 3286 1045 3341 Sanctum
1069 3286 1216 3340 Albanum
1240 3306 1306 3342 cum
1331 3292 1395 3347 suis
1422 3299 1542 3355 armatis

324 3359 467 3434 ΜΨ
490 3377 663 3431 exercitibus
682 3392 734 3446 per
753 3372 882 3428 triduum
901 3370 1151 3442 perhendinantes,
1175 3371 1318 3427 miserunt
1339 3375 1485 3435 solemnes
1505 3384 1542 3438 ad

324 3432 443 3539 {fffldfl
491 3462 601 3527 Regem
618 3460 747 3517 nutricios,
762 3457 916 3510 Londouiis
933 3462 1167 3518 commorantem,
1186 3455 1426 3526 Londoniensem,
1442 3464 1540 3523 Saces·

325 3571 389 3616 upon
401 3557 442 3605 the
490 3545 664 3608 buciensem,
686 3544 870 3614 Ilelycuscm,
892 3539 1146 3603 Ilcrefordensem,
1167 3546 1197 3593 et
1218 3540 1442 3612 cicestrensem,
1463 3549 1540 3605 Prae·

324 3621 400 3686 lling.
491 3628 578 3685 sulas,
600 3629 648 3697 qiu
672 3635 738 3681 tuuc
760 3625 835 3696 apud
857 3624 994 3678 Sauctttm
1013 3623 1159 3677 Albanum
1184 3638 1379 3683 cottvcucrant
1399 3649 1453 3701 pvo
1471 3652 1540 3706 pace

490 3712 689 3775 reformanda;
715 3710 893 3767 rnaaldantcs,
920 3718 953 3762 ut
976 3707 1118 3762 Dominus
1152 3708 1213 3761 Rex
1244 3728 1298 3763 nou
1331 3713 1427 3769 solum
1459 3736 1540 3774 suam

490 3803 626 3850 vacuaret
656 3795 784 3855 Curiam,
811 3793 861 3846 sed
891 3810 1014 3860 romaum
1039 3810 1133 3856 suum,
1159 3792 1195 3846 dc
1219 3795 1301 3862 regui
1329 3799 1539 3870 proditoribus,

490 3881 615 3947 Hugonc
640 3887 669 3934 ct
693 3879 817 3945 Hugonc
843 3877 869 3930 lo
895 3877 1029 3947 Spencer,
1060 3893 1112 3946 per
1138 3878 1373 3934 communitatem
1399 3892 1487 3941 terrm
1511 3889 1539 3943 iu

489 3946 590 4020 miultis
624 3962 818 4017 condemnatis
858 3961 999 4022 articulis,
1042 3960 1219 4031 exiliumque
1260 3964 1399 4021 meritum
1441 3973 1539 4027 subire

489 4050 678 4123 permitteret,
714 4047 738 4099 si
772 4045 908 4114 diligeret
943 4044 1026 4114 regui
1061 4062 1171 4115 pacem.
1222 4046 1374 4104 Petierunt
1409 4052 1538 4113 Berones

488 4138 616 4206 insuper,
648 4140 682 4186 ut
712 4130 773 4184 Rev
805 4130 886 4200 ipsis,
907 4137 937 4184 ct
966 4129 1098 4183 omuilnrs
1129 4130 1179 4199 qiu
1211 4131 1241 4183 in
1272 4148 1372 4188 corum
1401 4142 1540 4197 comitiva

489 4239 570 4274 arma
593 4222 751 4277 moverant,
775 4214 888 4268 litteras
916 4222 1045 4285 patentes
1075 4213 1273 4268 indemnitatis
1302 4220 1484 4288 concederet,
1509 4233 1539 4282 et

489 4324 524 4358 nc}
549 4322 600 4376 pvo
624 4298 902 4370 transgressionibus
932 4297 1085 4352 transactis
1109 4298 1154 4350 vel
1186 4301 1377 4369 presentibus
1402 4324 1421 4359 a
1444 4307 1535 4379 Rege,

490 4408 540 4443 seu
574 4388 676 4459 qumis
712 4385 769 4439 alio
806 4384 911 4437 futuris
947 4382 1134 4453 temporibus,
1168 4385 1348 4453 punirentur.
1395 4388 1444 4445 Ad
1476 4393 1536 4449 hmo

324 4475 478 4528 niumm
490 4475 630 4528 Dominus
655 4473 717 4525 Rex
735 4469 891 4540 respoudit,
916 4468 992 4537 quod
1014 4468 1103 4534 Hugo
1123 4467 1158 4520 de
1181 4470 1307 4539 Spencer
1327 4478 1410 4541 pater
1432 4476 1462 4529 in
1485 4474 1639 4538 suousssl

325 4543 425 4593 'hm‘-
491 4560 606 4625 negotio
625 4575 704 4612 mave
725 4556 888 4611 trattsievut.
910 4562 940 4606 ct
959 4553 1048 4619 Ilugo
1064 4552 1164 4622 junior
1185 4555 1213 4606 iu
1234 4555 1306 4607 mari
1328 4564 1391 4611 crat
1412 4560 1450 4614 ud
1471 4581 1535 4618 cus·
1548 4544 1637 4613 Rea-1³

489 4642 655 4696 todiendum
686 4641 819 4710 Quinque
849 4639 964 4699 Portus,
996 4643 1082 4707 prout
1106 4654 1140 4689 cx
1164 4636 1255 4690 officio
1283 4641 1452 4709 tenebatur3
1486 4621 1615 4718 quiE'¹¹'

523 4945 529 4974 ¹
540 4945 742 5008 prescriptionem
774 4944 798 4993 in
821 4944 863 4992 the
891 4941 990 5006 printed
1064 4940 1122 4990 2Αἱ
1133 4941 1184 4991 this
1195 4941 1274 5006 point,
1291 4944 1380 5010 along
1391 4962 1497 5014 passage
1509 4951 1534 4999 iu

490 5031 562 5075 texts,
1034 5019 1089 5070 MS.
1102 5020 1170 5071 Bibl.
1182 5021 1245 5086 Reg.
1258 5028 1287 5072 tt
1299 5022 1329 5074 ll.
1341 5024 1377 5076 ix.
1389 5026 1413 5075 is
1423 5030 1532 5080 omitted
