3750 6250
518 1031 561 1105 74
828 1047 958 1100 raone
981 1047 1214 1102 wansmoma

340 1236 659 1299 ,inneneuuendiun
685 1236 731 1290 vel
756 1235 985 1307 redemptionem
1021 1237 1167 1293 solverent
1186 1237 1250 1307 jam
1273 1243 1410 1294 temtum.
1446 1234 1617 1294 Tramffint

502 1322 623 1376 mittunt
646 1320 739 1390 igitur
763 1319 860 1391 Reges
892 1322 1010 1391 utrique
1030 1321 1172 1377 solemnes
1202 1324 1333 1387 nuncios,
1365 1339 1432 1378 eum
1465 1321 1553 1393 plens

502 1411 656 1476 potestate,
682 1404 719 1458 ad
744 1404 862 1459 Curiam
887 1405 1058 1468 Romanam,
1085 1411 1118 1460 ut
1146 1423 1200 1478 per
1223 1406 1428 1462 mediationem
1458 1405 1552 1478 Apes·

502 1489 592 1552 tobei,
615 1507 672 1543 non
691 1495 830 1559 tanquam
851 1490 970 1561 judicis,
997 1490 1049 1544 sed
1072 1490 1234 1547 amicabilis
1259 1489 1471 1561 compositoris,
1494 1490 1553 1546 dis·

501 1574 596 1628 cnssis
619 1574 755 1644 negotiis,
782 1592 836 1644 pax
855 1575 933 1628 inter
956 1574 1053 1644 Reges
1074 1581 1104 1629 ct
1121 1575 1275 1630 concordia
1298 1575 1481 1630 reformetur.

334 1650 447 1702 Sedition
462 1660 488 1704 ut
536 1658 608 1713 Post
630 1659 701 1722 haec,
727 1659 804 1729 apud
838 1657 1009 1714 Gendavum
1046 1659 1187 1715 suscitate
1209 1665 1255 1715 est
1278 1659 1382 1715 seditio
1402 1677 1455 1731 per
1476 1658 1553 1716 filios

335 1717 421 1798 Ghim
455 1787 471 1835 h
501 1739 622 1796 Comitis
647 1741 791 1810 Flendrias
822 1749 852 1797 ct
875 1742 998 1796 vilianos
1029 1751 1129 1796 eontra
1151 1742 1308 1811 Anglicos3
1336 1760 1461 1813 qnorum
1480 1743 1555 1798 villa

334 1793 454 1916 fflffiili
473 1803 552 1896 eper
575 1825 737 1881 Wallenses
762 1827 879 1880 incensa
902 1826 1015 1888 fuisset,
1051 1826 1107 1880 nisi
1132 1825 1204 1891 Rex,
1230 1833 1399 1882 accurrente
1422 1826 1461 1882 ud
1484 1843 1553 1882 eum

500 1909 623 1972 Gemite,
638 1910 778 1980 impetum
800 1908 978 1979 impedisset.

334 1999 457 2051 Transeo·
536 1994 578 2046 Eo
603 2003 740 2063 temporo,
774 1991 878 2047 Comes
904 1993 1065 2056 Wnrcnnoe,
1087 1992 1192 2048 Custos
1219 1992 1334 2057 Seotim,
1361 2011 1395 2049 uo
1421 1993 1553 2050 Comites

333 2066 436 2116 ‘imin
500 2078 560 2140 alii,
570 2078 656 2148 juxte
676 2076 843 2131 mande-tum
862 2076 978 2145 regium
999 2077 1163 2130 Eboracum
1186 2078 1388 2133 convenientes
1413 2078 1444 2132 in
1469 2078 1553 2134 Oeta-

332 2133 459 2184 S⁰⁰⁰¹⁰d¹
501 2161 545 2215 bis
571 2161 669 2215 Sancti
691 2160 822 2223 Hillarii,
842 2160 990 2229 publicata
1013 2161 1230 2215 confirmatione
1252 2161 1426 2216 Chartamm
1452 2161 1553 2217 ¹Arti·

500 2245 632 2299 culorum
663 2243 853 2313 adjectorum,
876 2261 980 2298 versus
1012 2244 1141 2299 Seetiem
1162 2252 1374 2315 processerunt.
1422 2245 1552 2316 Majores

500 2329 662 2387 Scotorum,
697 2328 861 2382 Eboracum
888 2345 947 2381 non
981 2329 1140 2391 venientes
1180 2328 1338 2383 seeundum
1370 2330 1551 2384 vocationem

498 2413 620 2482 regiam,
650 2428 681 2465 se
714 2412 790 2465 infre
819 2418 905 2465 terrae
936 2429 997 2465 sum
1015 2411 1154 2466 terminos
1171 2417 1336 2467 tenuerunt.
1383 2412 1551 2468 Willelmns

500 2496 616 2565 Waleys
643 2495 779 2549 Castrum
803 2494 839 2548 de
864 2494 1069 2564 Rokesburgia
1086 2495 1149 2565 jum
1172 2496 1274 2550 mnitis
1296 2495 1399 2551 diebus
1432 2496 1551 2551 obsede-

498 2586 562 2642 rut;
583 2579 633 2633 sed
664 2578 762 2633 audito
786 2579 912 2633 adventu
948 2578 1140 2648 Anglicorum
1173 2580 1204 2633 in
1222 2579 1409 2634 multitudine
1433 2598 1549 2651 magna,

496 2662 623 2733 diffugit.
672 2663 800 2718 Comites
825 2679 894 2716 vero
917 2662 1003 2733 regni
1024 2662 1141 2732 Angliae
1158 2663 1360 2733 pervenientes
1385 2663 1551 2720 Rokesbur·

496 2747 641 2816 burgiam,
664 2748 777 2802 munito
811 2753 906 2802 eastre
931 2765 965 2800 ac
989 2746 1144 2800 consolatis
1166 2747 1303 2810 obsessis,
1329 2747 1456 2816 digressi
1482 2754 1552 2803 suut

495 2830 626 2900 ²ebsqne
651 2831 772 2895 Keisou,
803 2838 834 2886 et
855 2830 921 2884 inde
946 2831 1056 2884 reversi
1070 2835 1139 2884 sunt
1157 2848 1250 2901 usque
1264 2832 1439 2894 Berwieum,
1462 2850 1550 2903 qnam

492 2915 555 2986 jem
578 2915 672 2970 Sectis
704 2933 826 2969 vacnam
872 2915 1054 2969 invenerunt.
1105 2912 1242 2984 Dumque
1278 2914 1319 2967 ibi
1355 2922 1548 2980 morarentur,

496 2999 644 3054 mandevit
673 3000 715 3054 eis
740 2999 801 3053 Rex
825 2998 861 3053 do
883 2999 995 3067 treugis
1020 2998 1147 3068 acceptis
1171 2999 1248 3052 inter
1272 2999 1368 3069 ipsum
1387 3006 1418 3054 et
1436 2999 1550 3071 Regem

496 3083 636 3149 Francus,
673 3090 703 3140 et
738 3083 837 3139 reditu
873 3100 926 3139 sue
963 3082 1062 3146 celeri,
1091 3081 1198 3153 jubens
1228 3100 1265 3137 ne
1295 3090 1361 3139 ante
1391 3082 1549 3141 adventum

496 3188 590 3230 suum,
629 3175 748 3240 excepta
783 3168 969 3239 occupatione
1001 3167 1151 3231 Berewioi,
1183 3166 1295 3238 aliquid
1327 3185 1384 3238 quo
1416 3174 1551 3238 paterent

495 3252 665 3311 discrimini.
692 3258 876 3308 attentarent.
921 3250 1051 3306 Comites
1064 3251 1166 3321 igitur,
1191 3252 1314 3305 remissa
1337 3251 1442 3322 mejeri
1466 3262 1550 3324 parte

495 3339 698 3393 exercitasse
719 3337 840 3390 retentis
863 3335 913 3405 qui
938 3334 975 3388 ad
999 3333 1197 3388 defensionem
1233 3333 1313 3389 villae
1345 3341 1466 3405 possent
1490 3336 1550 3391 suf-

495 3420 589 3479 ficere.
610 3420 766 3474 adventum
783 3419 898 3487 regium
919 3418 1116 3488 expectabant,
1149 3424 1249 3472 eontra
1277 3418 1455 3489 principium
1475 3418 1551 3487 Qun-

494 3502 666 3571 dragesimm
686 3514 756 3557 tunc
776 3503 920 3556 instantis.
960 3502 1084 3564 Interea,
1106 3501 1251 3556 Rebertus
1276 3502 1312 3555 de
1337 3502 1468 3566 clifford,
1483 3522 1550 3558 cum

495 3586 551 3639 hiis
569 3588 617 3655 qni
645 3593 727 3640 crant
746 3588 775 3639 in
794 3585 929 3656 pracsidio
951 3585 1092 3648 Karleoli,
1116 3586 1266 3655 ingressus
1290 3585 1426 3651 Scotiam,
1447 3587 1549 3643 villam

494 3669 655 3723 combussit
677 3669 828 3731 Anandire,
850 3679 880 3723 ct
902 3668 992 3723 rediit
1015 3687 1082 3722 cum
1105 3669 1330 3739 praedamegna.

327 3746 382 3797 Thss
395 3747 467 3798 &0¹⁸
530 3752 603 3807 Cum
624 3752 686 3805 Rex
705 3753 830 3821 Angliro,
851 3752 887 3806 ad
906 3752 1023 3823 propria
1041 3770 1222 3815 reversurus,
1243 3753 1373 3808 venisset
1391 3753 1428 3809 ad
1446 3754 1548 3811 villam

326 3816 406 3927 ‘'¹45⁵‘st
421 3816 463 3929 ‘fh‘
494 3856 558 3906 quai
580 3836 819 3905 '‘Ardcbnrgia''
839 3837 957 3897 dicitnr,
988 3836 1067 3891 Scoti
1096 3837 1156 3890 sero
1183 3855 1281 3891 omnes
1301 3856 1373 3907 quos
1400 3856 1499 3895 seeum
1518 3841 1549 3895 in

326 3896 478 4010 Effigdin
494 3920 661 3974 Flandriam
680 3920 802 3974 duxerat
827 3921 856 3973 in
882 3920 1103 3990 expeditionem,
1131 3921 1247 3992 abipso
1265 3921 1347 3993 Rege
1366 3921 1548 3980 discedentes

326 4013 455 4065 Flanders.
492 4005 625 4060 Parisins
639 4005 782 4059 abierunt.

326 4103 463 4171 Theffing
527 4090 589 4143 Rex
615 4088 784 4149 Edwardns,
814 4087 844 4141 in
870 4086 1008 4157 Angiiam
1034 4087 1162 4150 veniens,
1183 4088 1220 4144 nd
1238 4090 1350 4160 Regem
1369 4090 1549 4147 Francorum

325 4170 355 4218 of
368 4172 462 4222 France
492 4175 573 4228 misit
604 4192 657 4245 pro
687 4171 858 4225 liberatione
895 4173 1076 4241 captivorum
1096 4173 1182 4243 juxta
1211 4174 1333 4229 formem
1372 4176 1547 4232 condictam.

325 4237 445 4354 3:³¹⁰&
491 4258 554 4312 Rex
573 4277 642 4311 voro
661 4257 840 4310 Francorum
859 4257 957 4323 exegit
983 4275 1000 4308 a
1027 4257 1140 4311 nunciis
1166 4258 1367 4313 liberationem
1393 4259 1547 4326 iohannis,

324 4318 466 4419 tidnofm'
492 4343 639 4411 quondam
665 4330 888 4411 regis'Scotiae.
910 4341 959 4407 qni
987 4339 1022 4393 do
1048 4341 1108 4395 suis
1135 4342 1225 4397 fuisse
1253 4344 1379 4398 assernit
1404 4344 1546 4416 alligatis.

324 4435 425 4495 Bali013
492 4426 584 4495 Super
603 4445 659 4496 «ino
679 4425 741 4478 Rex
759 4424 874 4493 Anglies
893 4423 1061 4492 requisitus,
1081 4442 1147 4479 cnm
1159 4435 1309 4482 recusaret
1326 4446 1393 4482 cnm
1412 4428 1546 4495 reddere,

323 4501 440 4618 algichdis
491 4509 589 4563 dicens
606 4509 845 4565 ²¹oinvcntionem
865 4513 979 4562 tuntum
1005 4507 1041 4561 do
1069 4508 1128 4563 illis
1153 4512 1277 4580 captivis
1304 4513 1409 4567 frictam
1437 4514 1489 4582 qui
1516 4515 1547 4569 in

363 4584 429 4619 use.

496 4680 668 4688 ——.
687 4679 748 4685 .--·—
993 4678 999 4683 -
1010 4678 1135 4684 ——.—

524 4786 669 4851 ‘Correctly
689 4786 897 4852 articulorumque,
920 4803 948 4837 as
963 4787 989 4835 in
1041 4786 1139 4851 printed
1155 4792 1231 4851 texts,
1243 4794 1293 4840 und
1305 4792 1331 4840 in
1342 4792 1497 4859 itisbanger.

491 4866 640 4931 Rishsnger.
1074 4869 1256 4920 'contentionem
1269 4872 1295 4919 in
1309 4872 1443 4923 Cnmden’s
1454 4881 1518 4929 text.

523 4946 584 4994 ἈΒ
611 4959 680 4994 error
698 4946 737 4993 for
755 4962 836 5009 usqae,
853 4961 881 4996 as
901 4947 927 4993 in
948 4946 990 4995 the

1564 1301 1617 1354 ns.

1564 1368 1617 1445 Μ

1564 1435 1617 1486 Ra
