3750 6250
707 1108 872 1160 meroem
894 1107 1103 1160 aremulus.
1367 1094 1432 1165 107

302 1318 361 1370 ger.
418 1298 484 1353 Hoc
509 1313 592 1361 anno,
624 1296 672 1351 die
702 1296 854 1353 Nonarum
879 1298 964 1362 JuIii,
992 1298 1117 1352 moritur
1146 1297 1228 1367 Papa
1257 1296 1432 1351 Benedictus
1445 1297 1514 1347 Al).
1532 1304 1604 1350 1³04.

303 1370 348 1420 ibi
384 1382 509 1437 Perusii.
548 1382 620 1437 Post
648 1381 732 1453 cujus
762 1383 883 1447 obitum,
920 1399 988 1438 cum
1026 1381 1195 1438 cardinales
1227 1381 1259 1435 in
1293 1380 1433 1437 electione
1446 1381 1570 1433 Deathoi

302 1444 315 1488 ³
385 1467 498 1522 Summi
506 1466 656 1521 Pontificis
666 1466 849 1532 dissiderent,
859 1486 877 1522 a
888 1467 1012 1532 civibus,
1023 1466 1182 1523 secundum
1190 1463 1435 1521 constitutionem
1445 1449 1515 1527 1²91>e
1523 1449 1604 1500 Bene·

383 1551 519 1622 Gregorii
537 1550 661 1616 Decimi,
681 1551 879 1607 ineluduutur.
1447 1515 1557 1568 ‘mxl‘

418 1635 536 1691 lbansit
562 1653 654 1690 annus
690 1635 756 1701 iste,
792 1636 913 1708 frugum
943 1636 992 1691 vel
1021 1635 1170 1692 fructuum
1200 1632 1352 1691 fertilitate
1381 1651 1435 1692 nec

382 1721 466 1792 inops
483 1738 538 1775 neo
562 1720 714 1785 abundua3
750 1719 889 1776 Romanis
907 1720 1043 1791 lugubris
1061 1728 1181 1793 propter
1207 1717 1436 1776 ¹dissensionem

383 1805 581 1860 cardinalium
599 1805 631 1859 in
648 1803 789 1860 electione
816 1804 921 1877 Papse;
950 1805 1072 1861 Francis
1099 1810 1130 1860 et
1153 1802 1288 1876 Anglicis
1317 1811 1437 1877 propter

383 1890 518 1945 subactos
537 1890 719 1945 adversarios
737 1889 902 1960 gloriosua;
924 1889 1019 1945 Scotis
1046 1896 1078 1945 et
1101 1889 1329 1946 Flandrensibus
1348 1890 1436 1945 nimis

382 1974 500 2030 odibilis
521 1981 641 2046 propter
660 1974 793 2045 Regibus
811 1974 910 2030 datam
927 1974 1082 2031 victoriam
1100 1973 1137 2030 de
1155 1974 1275 2032 eisdem.

587 2280 707 2369 Captio
729 2287 759 2349 et
788 2302 880 2349 mora
909 2280 1072 2350 willelmi
1100 2283 1235 2370 Wcleys.

305 2470 311 2481 ·
341 2508 347 2518 ,
420 2458 506 2512 Anno
531 2457 635 2527 gratias
660 2456 817 2512 millasimo
835 2456 1040 2513 trecentesimo
1065 2463 1156 2522 sexto,
1188 2458 1239 2529 qui
1270 2462 1316 2513 est
1344 2475 1436 2513 armus
1449 2457 1518 2508 Ab.
1538 2464 1606 2511 1305.

386 2543 471 2615 regni
490 2542 581 2611 Regis
600 2540 746 2605 Edwardi,
766 2560 785 2596 a
802 2541 981 2611 Conquaestu
999 2542 1102 2607 Primi,
1129 2541 1295 2597 tricesimus
1320 2543 1435 2608 tertius,

386 2628 444 2681 fuit
460 2626 539 2680 idem
557 2623 620 2678 Rex
645 2624 683 2679 ad
709 2625 815 2680 Netclc
841 2625 1011 2692 Londoniis‚
1041 2643 1108 2681 cum
1136 2625 1251 2696 Regina
1277 2627 1439 2699 multisque

384 2710 553 2783 proceribus
571 2709 656 2780 rcgni
675 2710 731 2764 sui.

421 2796 486 2851 Hoc
516 2811 599 2858 anno,
619 2792 786 2849 Willelmus
804 2793 934 2866 Waleys,
955 2795 1006 2867 qui
1026 2794 1154 2851 Scotiam
1172 2796 1341 2868 frequenter
1358 2813 1435 2852 com·
1448 2788 1556 2855 c“lili“

386 2885 525 2943 moverat,
545 2895 598 2949 pcr
622 2877 732 2933 milites
751 2877 842 2949 Regis
861 2880 892 2934 in
911 2880 1010 2935 Scotia
1027 2887 1129 2952 captus
1148 2887 1202 2947 est,
1222 2858 1574 2975 ⁰b1¹⁰¹¹d⁰¹²i⁸⁸iitioi1¹ii

386 2982 478 3035 usque
504 2962 645 3027 ²ductus;
677 2962 729 3017 ubi
755 2962 936 3033 judicialiter
963 2964 1180 3029 condemnatus,
1207 2965 1343 3031 trahitur,
1370 2984 1433 3021 sus·
1446 2990 1563 3041 Wiffim

385 3049 530 3121 penditur,
550 3053 581 3101 ct
598 3046 702 3102 ultimo
720 3046 889 3103 decollatur.
910 3048 1003 3119 Cujus
1027 3055 1115 3120 caput
1132 3049 1289 3105 Loudoniis
1316 3050 1347 3105 in
1372 3049 1435 3106 loco
1447 3057 1568 3110 Wallree.

386 3133 523 3189 eminenti
541 3132 642 3203 figitur
661 3149 749 3204 super
766 3133 875 3204 palum,
902 3152 1008 3205 corpus
1033 3152 1103 3190 vero
1127 3134 1159 3188 in
1187 3135 1314 3190 Scotiam
1341 3141 1435 3190 trans·

386 3213 506 3274 missum
524 3218 618 3273 estin
637 3225 764 3288 quartas,
785 3237 860 3289 qum,
880 3219 917 3273 ad
935 3219 1060 3274 aliorum
1078 3226 1229 3284 terrorem,
1257 3220 1287 3273 in
1312 3219 1436 3276 diversis

386 3304 506 3359 urbibus
524 3303 751 3373 suspenduntur.
788 3303 848 3359 Hic
867 3320 903 3357 ex
927 3303 1028 3359 infima
1052 3310 1140 3374 gente
1165 3309 1344 3375 procreatus,
1370 3321 1437 3376 pro-

386 3405 469 3443 cessu
493 3387 632 3458 temporis
660 3388 754 3443 fectus
781 3394 827 3443 est
852 3387 899 3443 vir
929 3388 1110 3459 sagittarius,
1129 3388 1210 3444 illius
1236 3388 1306 3444 artis
1333 3388 1440 3460 peritia

386 3473 542 3543 quaeritans
571 3473 683 3527 victum
713 3490 809 3527 suum.
863 3472 997 3543 Cumque
1028 3472 1118 3529 semol
1145 3479 1176 3529 et
1202 3473 1329 3529 secundo
1357 3491 1440 3529 suam

386 3557 584 3612 fortitudinem
613 3557 723 3628 pariter
766 3564 796 3612 et
830 3557 982 3612 audaciam
1016 3563 1152 3629 expertus
1187 3558 1302 3623 suisset,
1337 3557 1441 3613 altiora

387 3649 533 3713 appetens,
547 3641 653 3713 petivit
664 3660 682 3696 u
694 3642 789 3697 Scotis
802 3641 950 3697 licentium
963 3648 997 3697 ut
1013 3648 1113 3713 posset
1129 3643 1271 3713 Anglicos
1290 3643 1438 3708 infestare,

387 3725 557 3796 promittens
599 3745 631 3781 se
673 3731 764 3780 totam
805 3725 945 3796 Angliam
984 3727 1227 3798 conquisiturum,
1269 3735 1300 3785 et
1338 3728 1440 3785 Sootos

387 3809 510 3865 victores
527 3828 622 3881 usquo
640 3809 804 3865 Londonias
822 3810 1043 3881 producturum.
1082 3811 1177 3868 Sectis
1202 3829 1273 3869 vero
1299 3814 1358 3870 cito
1385 3811 1441 3869 sibi

388 3895 640 3959 consentientibus,
655 3901 685 3949 ct
696 3894 794 3965 ipsum
812 3912 913 3950 eorum
932 3893 1037 3952 ducem
1055 3897 1308 3962 constituentibus,
1327 3898 1441 3953 militiae
1506 3899 1509 3905 '

388 3978 508 4035 donatus
538 3987 584 4035 eat
613 3980 731 4050 cingulo
759 3998 777 4033 a
802 3979 929 4050 quodum
951 3980 1065 4036 Oomite
1092 3980 1221 4053 regionis
1240 3983 1330 4037 illius.
1368 3981 1442 4036 Inde

388 4065 474 4135 coepit
504 4065 658 4135 pervagari
687 4065 852 4135 provincias
885 4083 979 4136 usquc
1004 4066 1257 4132 Northumbriam,
1283 4066 1443 4121 maximum

389 4149 545 4204 tumultum
575 4149 754 4216 concitando,
786 4149 873 4206 villas
904 4157 935 4206 et
964 4169 1051 4222 egros
1079 4150 1291 4223 depopulando,
1328 4150 1442 4222 predas

389 4234 509 4304 agendo,
547 4244 577 4292 ct
620 4251 757 4307 magnam
794 4242 908 4306 partem
943 4236 1046 4308 patries
1082 4236 1217 4293 incendio
1253 4232 1440 4291 devastando.

389 4317 528 4375 Videntcs
547 4339 618 4390 crgo
638 4320 717 4375 Scoti
736 4319 815 4375 viam
833 4337 916 4376 suam
928 4321 1105 4393 prosperari,
1120 4317 1303 4377 confluebant
1320 4318 1358 4374 sd
1375 4335 1442 4373 eum

390 4401 419 4455 in
436 4404 621 4459 multitudino
634 4404 682 4460 vix
700 4405 944 4471 ’innumorabili3
964 4425 1021 4462 non
1040 4405 1134 4462 solum
1142 4406 1276 4476 juvenes,
1290 4398 1442 4459 sedetiam

389 4481 443 4552 ipsi
462 4503 554 4550 sonos,
584 4486 625 4540 ita
644 4493 677 4541 ut
695 4484 726 4540 in
743 4486 826 4540 brevi
851 4491 965 4540 tantum
990 4485 1122 4541 conflarit
1148 4481 1307 4539 exercitum
1335 4488 1443 4554 quanto

390 4567 485 4623 nullus
499 4570 644 4642 prinecps,
654 4570 741 4642 juxta
753 4571 907 4625 Scotorum
920 4570 1094 4641 opinionem,
1108 4568 1246 4625 resistere
1258 4562 1441 4641 praevaleret.

390 4650 487 4722 Igitur
508 4654 544 4709 dc
562 4662 643 4712 tantu
669 4654 858 4710 multitudine
884 4653 1104 4725 gloriabundus,
1133 4653 1267 4726 concepit
1291 4650 1443 4709 audaciam

873 4815 1091 4823 —----—.-——--

424 4914 655 4966 'dissencionemin
667 4915 731 4982 orig.
968 4914 983 4944 ¹
998 4909 1234 4966 numeubililnthe
1245 4911 1345 4979 printed
1355 4916 1442 4974 texta,

422 4997 432 5026 ²
448 4996 526 5045 dictu
542 4996 570 5045 in
587 4996 663 5061 orig,
682 4995 810 5047 corrected
826 4994 892 5045 from
939 4990 1111 5045 innumerabili
1121 4991 1149 5044 in
1160 4989 1310 5060 Rishsuger.

389 5073 428 5124 he
446 5076 546 5139 printed
556 5085 630 5129 texte.
