3750 6250
288 2109 317 2146 ΞΓ.

289 2162 306 2211 l

288 2428 357 2479 [a

663 1102 828 1159 msroam
847 1106 1055 1158 anomaeus.
1342 1095 1387 1164 8⁷

333 1293 415 1348 modi
432 1293 584 1365 negotium
601 1295 799 1366 tangentibus,
826 1296 863 1351 ad
884 1295 989 1351 Scdem
1006 1294 1206 1366 Apostolicam
1217 1293 1384 1357 destinaret,
1396 1286 1465 1339 AD·
1479 1292 1550 1341 1801·

333 1395 422 1449 super
435 1379 596 1450 praemissis
613 1379 707 1452 plenas
725 1380 970 1450 complementum
984 1378 1109 1450 justitiae
1125 1384 1304 1450 recepturus.
1357 1464 1361 1470 Ι

332 1585 466 1657 Littera
479 1587 584 1677 Regio
605 1587 713 1658 misso
726 1589 840 1677 Papa,
857 1586 1083 1656 daelarotoeic
1099 1586 1194 1675 juris
1215 1584 1274 1657 sui
1295 1585 1386 1676 quod

592 1694 688 1761 babet
709 1693 753 1761 iae
776 1692 978 1762 minium
999 1690 1126 1761 doctior.

369 1845 431 1903 Rex
456 1846 583 1920 Angliae,
610 1847 718 1904 litteris
745 1845 920 1920 apostolicis
948 1864 983 1903 ex
1010 1844 1170 1903 deliberato
1200 1844 1277 1918 apud
1315 1844 1384 1901 Lin-
1398 1848 1483 1900 letter
1491 1854 1546 1900 aaut

333 1931 458 1988 colniam
475 1939 631 1988 convocato
650 1932 788 1998 Consilio,
813 1951 867 2005 pro
887 1932 956 2004 jure
976 1949 1029 1989 suo
1055 1929 1235 1997 declarando,
1256 1930 1385 1986 litteram
1397 1917 1432 1980 by
1443 1916 1515 1981 1⁶¹¹ss

334 2015 423 2085 hujus
442 2018 551 2072 teucris
570 2017 688 2089 scripsit
697 2040 743 2072 ε-
1396 1983 1544 2114 {irritato

371 2103 391 2126 “
406 2101 595 2157 Sanctissime
624 2103 656 2156 in
680 2101 797 2157 Christo
824 2101 910 2174 patri,
943 2100 1068 2156 Domino
1096 2098 1257 2165 Bonifaeie,
1285 2098 1385 2155 divina
1398 2117 1553 2181 (1001,qu

337 2188 356 2212 “
374 2186 558 2257 providentia
576 2186 689 2242 Sanctia
706 2186 844 2241 &maura
862 2193 893 2241 et
909 2186 1091 2242 Universalis
1103 2185 1243 2242 Ecclesiae
1265 2182 1384 2239 Summo
1398 2184 1429 2262 ef
1440 2183 1481 2233 hia

337 2272 356 2296 “
375 2269 519 2336 Pontifici,
539 2271 708 2335 Edwardus,
729 2270 785 2325 Dei
804 2271 900 2341 gratia
923 2270 986 2325 Rex
1009 2270 1136 2347 Anglioe,
1163 2269 1306 2325 Dominus
1330 2267 1384 2322 Hi·
1397 2250 1504 2367 318ὴέ

338 2357 356 2381 “
375 2353 493 2420 bernier,
522 2356 589 2411 Dux
613 2356 810 2427 Aquitanniae,
830 2355 956 2410 salutem
980 2362 1011 2411 et
1035 2356 1139 2412 devota
1156 2355 1264 2427 pedum
1287 2351 1387 2407 oscula
1398 2334 1457 2434 doffn
1467 2332 1526 2435 οβ’

376 2438 525 2494 bonerurn.
564 2440 646 2495 Infra
664 2440 781 2512 scripta,
801 2456 859 2494 nen
877 2440 908 2493 in
926 2440 1020 2494 forma
1036 2457 1091 2494 nec
1109 2439 1253 2509 infigura
1268 2436 1383 2508 judicii,
1399 2450 1526 2503 mand,

339 2525 357 2549 ‘⁶
376 2525 428 2579 sed
445 2524 562 2579 omniuo
580 2531 662 2580 extra
681 2524 828 2597 judicium
847 2522 1046 2595 ¹profereuda,
1069 2530 1176 2579 sanctia
1202 2522 1386 2595 paternitatis

338 2609 357 2633 ‘⁴
376 2615 480 2664 vestrae
505 2610 688 2665 conscientiae
713 2609 796 2665 vobis
821 2608 1036 2664 transmisimus
1062 2608 1231 2663 exhibenda.
1268 2605 1386 2663 Altissi·

338 2696 356 2719 “
374 2711 450 2758 mus,
470 2694 616 2766 inspector
642 2694 784 2758 cordium,
810 2700 917 2749 vestra
945 2694 1052 2750 scrinio
1070 2694 1217 2748 memorias
1235 2691 1386 2748 indelebili

337 2780 355 2803 ‘⁴
374 2777 442 2833 stilo
460 2779 542 2834 novit
560 2779 690 2843 inscribi,
711 2778 789 2849 qued
801 2784 998 2833 antecessores
1017 2785 1047 2833 et
1063 2778 1264 2851 progenitores
1281 2776 1383 2841 uestri,

336 2861 470 2934 “Reges
494 2862 621 2934 Angliae,
644 2863 723 2933 juris
750 2863 909 2933 superioris
934 2869 966 2917 et
984 2863 1088 2918 directi
1106 2863 1236 2927 dominii,
1256 2862 1293 2916 ab
1311 2860 1384 2916 anti·

335 2949 353 2971 ‘⁶
373 2947 522 3017 quissimis
540 2954 619 3003 retro
637 2948 816 3019 temporibus
835 2965 926 3018 regne
946 2947 1061 3012 Scotiae,
1082 2955 1112 3002 et
1138 2946 1272 3002 omnibus
1290 2946 1384 3018 ipsius

335 3033 352 3056 “
372 3030 512 3103 Regibus,
532 3032 564 3086 in
588 3031 796 3104 temporalibus
820 3038 851 3086 et
867 3031 986 3086 annexis
1005 3030 1115 3086 eisdem
1133 3031 1329 3103 praefuerimt3
1356 3034 1386 3084 et

335 3117 352 3140 “
371 3114 407 3170 ab
426 3116 537 3171 eisdem
555 3135 608 3189 prc
626 3135 717 3188 regne
737 3116 852 3182 Scotiae,
867 3123 897 3171 et
909 3115 1040 3187 ejusdem
1058 3115 1226 3187 proceribus
1241 3134 1259 3169 a
1277 3113 1383 3185 quibus

335 3199 477 3255 “habere
504 3201 651 3267 velebant,
678 3201 787 3272 legalia
815 3201 953 3271 homagia
978 3207 1159 3272 receperunt,
1179 3207 1210 3255 et
1235 3198 1384 3254 fidelitatis

335 3288 353 3309 ⁴⁶
372 3284 470 3340 debita
484 3285 661 3356 juramenta.
699 3285 762 3340 Nos
784 3285 863 3356 juris
887 3292 918 3339 et
941 3285 1061 3340 dominii
1083 3285 1294 3356 possessionem
1318 3300 1383 3338 con·

337 3370 354 3394 “
373 3368 520 3423 tinuantcs
546 3387 598 3441 pro
624 3376 754 3441 tempore
779 3375 887 3432 nostre,
917 3368 1025 3440 eadem,
1042 3374 1103 3423 tam
1126 3385 1145 3423 a
1171 3367 1253 3438 Rege
1279 3366 1385 3422 Sestias

335 3456 352 3477 ‘⁴
371 3452 535 3525 recepimus
555 3472 642 3523 quam
661 3473 679 3507 a
696 3454 865 3525 proceribus
884 3453 977 3524 ipsius
995 3453 1088 3523 regui.
1127 3451 1292 3521 Quinimmo
1304 3457 1386 3507 tanta

335 3539 352 3560 “
368 3535 445 3606 juris
464 3545 495 3592 et
512 3538 634 3591 dominii
652 3538 849 3609 praerogativa
867 3555 955 3607 super
972 3554 1097 3608 reguum
1122 3536 1227 3592 Scotiea
1253 3544 1284 3591 et
1308 3537 1384 3609 ejus·

335 3626 352 3645 ⁸·
371 3620 436 3675 darn
455 3620 568 3692 Regem
586 3621 762 3692 gaudebuut,
783 3620 880 3692 ²quod
903 3640 1028 3692 reguum
1046 3623 1143 3692 ipsum
1164 3622 1225 3677 suis
1251 3621 1385 3678 fidelibus

335 3708 352 3730 “
372 3704 566 3762 conserebant.
612 3706 710 3777 Reges
738 3707 827 3762 ctiam
853 3723 889 3761 ex
911 3706 1002 3777 justis
1028 3706 1124 3762 causis
1149 3706 1330 3771 amovebant,
1356 3713 1386 3761 et

335 3790 585 3845 “constituebant
610 3790 664 3846 sub
692 3809 733 3854 se,
763 3790 825 3845 loeo
847 3791 988 3861 ipsorum,
1012 3790 1085 3845 alios
1105 3799 1287 3863 regnaturos.
1314 3790 1385 3859 Qum

335 3875 353 3897 “
371 3873 560 3944 proculdubio
585 3873 719 3929 ³notoria
737 3875 828 3929 fuisse
856 3882 887 3929 et
917 3892 981 3930 esse
1000 3875 1158 3930 ereduntur
1177 3875 1254 3947 apud
1274 3892 1383 3939 omnes,

335 3959 352 3981 “
371 3956 442 4019 lieet
457 3958 539 4014 aliud
558 3960 657 4014 forsan
680 3961 811 4031 paternis
830 3959 937 4014 vestris
957 3960 1077 4014 auribus
1095 3977 1148 4031 per
1165 3961 1245 4031 pacis
1264 3959 1385 4014 aemulos

335 4044 352 4066 “
371 4050 400 4098 et
425 4042 593 4098 rebellionis
620 4045 696 4099 filios
724 4045 814 4099 fucrit
838 4044 912 4099 salsa
935 4043 1130 4100 insinuatione
1148 4051 1340 4115 suggestum
1368 4061 1387 4098 a

335 4129 353 4150 ‘⁶
372 4144 494 4197 quorum
512 4128 689 4182 machineris
707 4135 739 4184 et
756 4128 938 4198 imaginariis
957 4127 1113 4200 tigmentis,
1134 4134 1283 4184 utvestrae
1297 4127 1385 4182 Sanc·

335 4212 352 4234 ‘¹
371 4210 464 4267 titatis
483 4211 584 4267 oculus
609 4218 769 4276 ai‘ertatur,
795 4212 967 4284 suppliciter
988 4231 1165 4283 quaesumus,
1185 4219 1216 4267 et
1233 4218 1384 4286 paternam

335 4298 352 4318 ‘⁶
371 4295 554 4351 clementiam
590 4304 620 4351 et
651 4296 853 4352 excellentiam
889 4296 1002 4352 devotis
1032 4297 1183 4353 affectibus
1219 4314 1380 4353 exoramus.

335 4378 432 4434 “Sub
457 4381 638 4451 temporibus
664 4380 745 4450 Hely
770 4386 801 4435 et
825 4379 970 4435 Samuelis
1002 4379 1165 4453 Prophetae,
1192 4380 1239 4435 vir
1263 4381 1382 4450 quidam

335 4466 352 4487 ¹‘
371 4472 505 4520 strenuus
519 4472 549 4520 et
560 4465 695 4536 insignis,
712 4463 840 4519 ‘Brutus
849 4459 995 4528 ''uomine,
1010 4465 1046 4520 de
1058 4482 1164 4535 genere
1180 4463 1380 4534 lbajanorum,

335 4550 352 4572 ‘⁸
370 4555 434 4618 post
452 4549 596 4604 exciditur
611 4549 693 4604 urbis
705 4546 810 4620 Trojas,
830 4566 897 4602 cum
910 4548 1012 4603 multis
1030 4549 1177 4603 nobilibus
1190 4548 1381 4619 'l'rojanorum

336 4636 353 4657 ‘⁸
372 4633 514 4705 applicuit
532 4633 563 4688 iu
581 4633 727 4705 quandum
746 4632 881 4698 insulam,
903 4639 973 4687 tunc
994 4631 1134 4687 ‘Albion’
1152 4638 1294 4699 vocatum,
1316 4642 1347 4689 et
1364 4653 1382 4690 a

365 4925 370 4954 l
384 4944 432 4991 pro
438 4927 573 4979 menende
579 4947 599 4980 s.
603 4947 630 4996 p.
640 4947 662 4982 a,
675 4929 830 4989 conscientiis,
874 4927 957 4978 iotha
973 4929 1073 5001 printed
1087 4936 1154 4981 texts
1169 4950 1176 4992 3
1192 4928 1257 4996 quod
1273 4931 1301 4980 in
1313 4930 1372 4981 Ris-

337 5003 408 5068 aba,
420 5015 476 5067 eta,
487 5007 515 5057 in
528 5007 628 5073 Rymer.
874 5008 980 5073 hunger.

364 5083 633 5156 ’drmmmong
647 5108 654 5154 ς
668 5097 830 5156 utetrepnum
911 5087 1067 5139 'noemin
1079 5089 1142 5156 orig.
