3750 6250
609 1075 611 1080 '
659 1094 824 1146 moroan
847 1093 1054 1145 memorre

573 1480 645 1568 [Du
671 1481 770 1545 Rsos
785 1480 966 1546 Eculnno
990 1481 1145 1568 Tauno]

286 1639 293 1687 τ·
369 1640 424 1695 ¹In
448 1640 523 1696 sesto
549 1639 649 1697 Sancti
676 1640 798 1696 Hillarii
829 1641 939 1696 laetum
969 1647 1016 1695 est
1045 1641 1277 1697 Perliamontum
1307 1641 1385 1712 apud
1396 1629 1465 1746 fi),-
1478 1633 1549 1684 ¹³²⁷·

332 1724 635 1791 westmonasterium,
653 1725 706 1779 ubi
719 1724 966 1796 Archiepiscopus
983 1724 1203 1780 Cantueriensis
1217 1723 1257 1778 ²J
1258 1723 1383 1821 ohannes
1395 1711 1501 1814 mg}

287 1853 304 1888 n
333 1825 431 1863 coram
448 1808 558 1879 populo
576 1808 678 1879 plures
703 1808 842 1863 articulos
864 1814 966 1862 contra
990 1807 1104 1879 Regem
1129 1809 1289 1880 proposuit,
1318 1827 1383 1863 um-
1396 1828 1493 1880 held„

286 1905 421 1956 atrorso
450 1893 559 1964 populo
590 1892 668 1962 quod
705 1891 784 1946 filius
819 1909 872 1963 pro
902 1897 986 1963 patre
1016 1899 1155 1964 regnaret
1184 1893 1380 1958 acclamanto3
1394 1895 1533 1946 Westmin·

286 1977 313 2021 ³⁰
333 1976 418 2032 missi
436 1982 505 2031 sunt
522 1976 615 2046 igitur
632 1975 780 2047 Episcopi,
793 1975 933 2041 Abbates,
947 1975 1075 2041 Priores,
1090 1975 1228 2042 Comites,
1242 1977 1381 2042 Berones,
1395 1968 1453 2013 lter·

334 2060 454 2126 milites,
469 2065 499 2115 at
510 2060 599 2125 cives,
614 2060 651 2114 ad
663 2060 785 2131 Regem,
800 2058 831 2114 in
843 2067 939 2115 castro
952 2058 988 2114 de
996 2057 1210 2130 Kin[e]lworth
1222 2059 1381 2127 detentum,
1395 2073 1506 2125 Edwd
1513 2074 1550 2126 Π,

333 2144 408 2200 'sibi
439 2145 617 2199 coronationi
648 2143 702 2198 filii
733 2144 779 2198 sui
810 2144 953 2198 assentire
982 2144 1120 2215 placeret.
1162 2143 1219 2213 Qui
1248 2163 1384 2201 eoronam
1395 2156 1534 2192 renonum

333 2229 452 2300 Anglim
481 2228 542 2281 filio
571 2246 634 2293 suo,
666 2228 697 2282 in
727 2235 790 2282 arto
820 2228 944 2299 positus,
976 2228 1080 2283 saltem
1110 2246 1161 2284 ore
1190 2229 1382 2284 renunciavit.
1397 2207 1441 2257 ²¹¹²
1451 2223 1543 2261 mn·

333 2312 460 2368 Nunciis
477 2329 547 2367 vero
566 2311 643 2383 apud
668 2311 856 2367 Kenelworth
873 2312 1003 2367 ⁴moram
1014 2313 1207 2378 nectentibus,
1226 2313 1386 2384 proclama·

333 2401 398 2452 tum
419 2401 466 2451 cst
489 2397 519 2449 in
544 2395 620 2451 Foro
650 2395 877 2461 Londoniarum,
909 2396 988 2467 quod
1017 2414 1118 2451 omnes
1149 2397 1201 2468 qni
1230 2397 1386 2452 servitium
1397 2393 1500 2472 Procla-

334 2480 412 2552 Regi
436 2480 588 2544 cebebant,
614 2479 662 2534 uo
686 2479 840 2535 Dominica
861 2479 893 2533 in
910 2479 1025 2550 vigilia
1048 2479 1263 2536 surrectionis
1287 2461 1536 2536 seataem⁸⁰⁰¹¹⁰f

335 2563 440 2620 Marias
454 2564 532 2636 apud
538 2564 831 2619 westmonasterium
844 2563 874 2618 in
888 2562 1080 2620 coronatione
1093 2565 1189 2620 forent
1200 2566 1269 2620 nori
1281 2565 1383 2636 Regis.
1397 2528 1529 2644 {223³sp

286 2649 296 2699 Γ
373 2647 534 2704 Edwardus
553 2649 655 2720 igitur,
675 2655 742 2719 post
760 2648 969 2719 Conquoestum
993 2649 1119 2715 Tertius,
1140 2666 1229 2704 annos
1248 2656 1385 2721 quatuor·
1398 2633 1509 2724 Edw'd

338 2731 434 2787 decim
461 2733 492 2787 in
517 2735 592 2788 festo
624 2732 723 2787 Sancti
749 2731 840 2786 Brieii
867 2738 933 2787 anto
959 2732 1183 2788 coronationem
1213 2751 1296 2788 suam
1323 2733 1387 2805 jam
1398 2740 1448 2791 111.
1459 2741 1482 2790 is

286 2810 309 2900 {r
337 2816 457 2880 habens,
486 2818 516 2872 in
543 2817 657 2888 vigilia
683 2815 899 2871 Purifieationis
926 2817 1026 2872 Beatae
1054 2817 1158 2873 Mariua
1189 2819 1267 2890 apud
1291 2807 1523 2874 west-cmm

286 2943 293 2954 .
337 2900 548 2955 monasterium
566 2899 736 2955 solemniter
754 2905 917 2954 coronatur.

374 2983 439 3039 Hoc
466 3001 549 3048 anno,
578 2984 609 3038 in
634 2984 708 3039 sesto
735 2983 834 3038 Sancti
861 2983 963 3048 Bricii,
992 2982 1055 3038 Rex
1081 2983 1243 3039 Edwardus
1268 2985 1511 3042 TertiusAParlia·

287 3055 317 3129 Ρ·
336 3068 433 3123 tenuit
462 3068 712 3133 Parliamcntum3
750 3068 780 3121 in
810 3085 868 3140 quo
898 3068 1011 3125 civibus
1042 3068 1258 3123 Londoniarum
1286 3088 1384 3126 omnes
1397 3045 1553 3141 iffiffilgffi

286 3117 316 3166 ὼ
336 3152 488 3208 libertates
518 3154 600 3224 prius
631 3153 769 3224 perditas,
799 3160 829 3207 et
855 3152 891 3206 de
916 3170 991 3207 novo
1018 3152 1101 3217 alias,
1132 3172 1166 3208 ao
1193 3154 1282 3208 etiam
1308 3148 1470 3249 ‘1¹¹⁰de
1498 3200 1523 3241 to

337 3254 438 3293 omnes
450 3254 504 3308 pro
515 3236 667 3291 latrocinio
680 3236 757 3290 infra
775 3235 941 3291 libertatem
953 3235 1168 3291 Londoniarum
1185 3237 1263 3308 capti
1287 3254 1385 3291 eoram
1398 3247 1439 3289 ure
1447 3232 1506 3290 lim·

338 3319 451 3390 Majore
469 3321 500 3374 in
518 3320 603 3374 domo
622 3320 768 3375 communi
787 3319 1034 3389 adjudicarentur,
1050 3320 1142 3374 libere
1161 3320 1312 3375 concessit.
1398 3298 1491 3341 ΜΝ

374 3405 446 3460 Post
463 3404 534 3468 haec,
544 3403 705 3459 Edwardus
724 3403 760 3457 de
777 3403 978 3459 Kinelwortho
991 3403 1028 3458 ad
1040 3409 1169 3458 oestrum
1187 3403 1223 3458 de
1241 3402 1387 3475 Berkoley
1398 3399 1504 3450 Morder
1514 3400 1546 3451 os

339 3495 386 3545 ost
408 3490 585 3553 translatum
612 3489 663 3542 nbi
688 3489 719 3543 in
736 3506 837 3543 mense
857 3488 1032 3560 Septembri,
1058 3488 1105 3543 die
1131 3488 1229 3544 Sancti
1253 3466 1504 3582 Mattheeiffielate

339 3574 483 3646 Apostoli,
498 3575 630 3628 immisso
642 3591 694 3645 per
712 3574 875 3645 posteriora
887 3592 986 3638 cornu,
1000 3572 1195 3644 impositoque
1207 3590 1280 3629 veru
1292 3574 1388 3629 ferreo
1436 3549 1479 3598 η’

339 3658 480 3713 candente
498 3675 592 3728 usqne
611 3657 647 3712 ad
666 3657 811 3721 intestina,
831 3663 864 3712 ut
882 3657 1038 3723 serebatur,
1058 3658 1116 3713 fuit
1132 3658 1313 3714 interfectus.

376 3742 462 3798 Circa
492 3742 692 3806 Pentecosten,
728 3742 789 3795 Rex
826 3741 987 3797 Edwardus
1022 3759 1089 3796 cum
1118 3760 1225 3814 magno
1259 3743 1389 3799 exercitu
1401 3743 1538 3812 TheKing

340 3824 505 3897 Anglornm
524 3833 554 3881 et
570 3826 766 3880 Hinaltlorum
787 3825 914 3880 Scotiam
933 3843 1102 3897 oppugnare
1120 3828 1317 3900 proponebat;
1337 3828 1389 3883 sod
1400 3812 1515 3890 ΨΜ

342 3910 422 3965 Scoti
451 3911 592 3981 Anglinm
623 3911 758 3981 ingressi,
787 3927 913 3980 quorum
938 3910 1083 3981 capitanei
1113 3912 1234 3968 fuerunt
1262 3913 1388 3966 Thomas
1401 3878 1554 3997 Quill*

341 3992 484 4049 Bandolfe
504 3994 559 4064 [et]
581 3994 600 4048 J
602 3995 708 4050 acobus
721 3994 843 4065 Dnglas,
857 4011 978 4065 parcum
991 3993 1027 4048 do
1041 3994 1187 4067 Stanhope
1199 3996 1231 4050 in
1241 3994 1389 4052 Werdalle
1445 4004 1447 4009 '

341 4077 493 4143 intrantes,
525 4079 620 4134 tribus
651 4079 754 4133 diebus
781 4096 799 4132 a
825 4078 907 4149 Rogo
930 4077 1048 4150 Angliae
1072 4085 1141 4133 sunt
1170 4080 1290 4135 obsessi.
1330 4077 1388 4131 Sed
1402 4084 1538 4135 TheSeots

341 4162 411 4233 quia
429 4162 576 4218 Hnnaldis
600 4162 719 4234 Angliei
739 4161 916 4227 invidebant,
937 4162 995 4226 vel,
1015 4168 1049 4218 nt
1069 4162 1237 4234 putabatur,
1263 4164 1495 4232 quemn-mse·

342 4246 408 4301 dam
438 4246 603 4318 Anglorum
627 4245 799 4317 proditione,
826 4245 888 4300 sino
911 4245 1035 4301 laedento
1062 4246 1144 4302 Sooti
1169 4246 1259 4300 libore
1285 4262 1388 4300 munus

342 4329 460 4385 illorum
483 4338 647 4386 evaserunt.
681 4330 809 4384 Jacobus
840 4336 937 4385 autem
968 4329 1092 4400 Duglas,
1124 4329 1209 4385 miles
1240 4334 1386 4393 suenone,

378 4625 383 4653 ¹
397 4622 517 4674 Thisbes
528 4624 590 4673 been
603 4622 706 4687 already
717 4622 805 4679 staud,
817 4621 843 4669 in
922 4622 931 4649 '·'
942 4619 987 4669 An
998 4634 1084 4670 error:
1103 4618 1200 4669 Walter
1210 4618 1336 4684 Reginald
1346 4619 1389 4685 (or

344 4702 415 4753 other
435 4702 568 4768 langusge.
603 4701 651 4752 See
665 4717 690 4766 p.
710 4706 765 4761 leo,
779 4708 842 4751 unte.
889 4698 1095 4764 Reynolds)was
1106 4697 1237 4749 hisname.

345 4782 395 4831 For
406 4784 448 4832 the
460 4781 597 4851 variauons
616 4781 671 4831 that
690 4794 766 4831 ocem
784 4779 842 4830 bere
921 4781 931 4809 ⁸
941 4778 1002 4828 siin
1013 4778 1099 4843 Roger
1109 4779 1139 4827 of
1147 4777 1258 4831 chester.

343 4860 454 4914 between
473 4862 515 4913 the
526 4862 643 4912 Arundel
663 4860 719 4911 ΜΒ.
731 4861 781 4910 and
800 4859 843 4909 the
923 4856 999 4907 ⁴'I'he
1038 4856 1147 4923 original
1179 4859 1249 4908 word
1278 4856 1339 4908 here
1364 4856 1388 4907 is

343 4941 441 5005 printed
460 4948 528 4992 texts
549 4942 580 4991 ol
593 4940 777 5006 Walsinghm
800 4938 843 4989 the
889 4936 1040 4996 romanae
1050 4936 1182 4988 alteration
1190 4937 1269 5005 being
1279 4938 1353 4989 made
1360 4936 1387 4985 in

343 5025 430 5075 render
441 5024 463 5073 is
474 5024 583 5075 refemed
594 5032 620 5074 to
632 5022 674 5073 the
685 5021 830 5086 Appendix.
888 5037 903 5071 a
914 5036 984 5071 more
995 5026 1079 5072 meent
1090 5020 1165 5073 band
