3750 6250
694 1123 859 1175 maroam
873 1120 1083 1174 moneam.
1350 1105 1415 1173 395

199 1315 336 1368 marial
369 1312 497 1377 modum,
516 1310 565 1364 vel
583 1327 684 1365 eorum
702 1308 799 1381 opinio
823 1326 912 1381 penes
931 1308 1054 1380 Regem.
1091 1307 1160 1363 Hiis
1185 1308 1284 1380 itaque
1306 1312 1336 1363 et
1360 1308 1418 1363 hiis
1430 1314 1498 1365 A.D.
1511 1316 1582 1364 1379.

199 1385 265 1461 ¹³²1,-
274 1388 304 1433 ¹³
370 1396 515 1453 similibus
534 1395 630 1450 causis
648 1393 830 1450 desciverant
848 1393 884 1447 ab
902 1410 936 1447 eo
956 1393 1039 1464 quasi
1057 1393 1104 1446 vir
1121 1411 1207 1456 unus,
1227 1399 1258 1448 et
1275 1393 1364 1447 istum
1383 1392 1419 1446 do

200 1451 224 1499 E
245 1466 282 1501 ¹¹⁶
371 1499 429 1552 quo
446 1480 480 1534 fit
498 1496 602 1542 sermo,
622 1477 659 1532 ad
682 1478 775 1532 instar
798 1476 880 1541 Baal,
909 1477 987 1547 quod
1013 1477 1222 1547 interpretatur
1241 1475 1419 1539 “vanitas’'

371 1566 527 1634 erigentes,
548 1566 714 1617 statuerunt
732 1560 921 1615 simulacrum
941 1577 1036 1623 suum,
1057 1565 1087 1614 et
1107 1558 1331 1614 ambulaverunt
1354 1565 1421 1630 post

371 1648 539 1709 vanitatem,
575 1650 605 1700 et
634 1645 703 1700 vani
741 1643 810 1698 facti
840 1650 917 1708 sunt,
947 1649 977 1698 et
1011 1641 1193 1715 procidentes
1225 1648 1422 1697 curvaverunt

372 1747 468 1802 genua
494 1746 548 1785 aua
571 1734 638 1784 ante
661 1728 743 1783 Baal.
780 1727 888 1783 Relieti
916 1733 985 1782 sunt
1010 1733 1106 1781 tamen
1133 1726 1190 1781 viri
1217 1726 1337 1797 aliquot,
1363 1726 1421 1781 viri

369 1815 443 1887 justi
470 1814 606 1870 timentes
630 1812 736 1878 Deum,
768 1828 804 1865 ex
830 1811 963 1881 collegio
988 1809 1198 1874 cardinalium,
1228 1811 1279 1881 qui
1303 1828 1361 1865 non
1379 1810 1421 1864 in-

373 1897 487 1955 curvati
512 1903 581 1952 sunt
600 1901 667 1951 ante
690 1913 767 1958 eum,
788 1894 840 1949 sed
865 1912 932 1949 cum
950 1894 1070 1949 Urbano
1096 1894 1127 1948 in
1152 1894 1263 1949 unitate
1281 1893 1421 1949 Ecclesia

373 1987 602 2054 permanserunt.
640 1979 686 2034 Ex
712 1979 818 2050 quibus
845 1978 1016 2050 premissis,
1042 1984 1076 2033 ut
1100 1977 1239 2042 dixeram,
1267 1978 1421 2032 manifeste

374 2065 517 2130 clarescit,
537 2069 679 2135 quantum
704 2062 868 2134 perieulum
892 2080 946 2117 suo
969 2061 1058 2133 capiti
1082 2062 1144 2115 Rex
1168 2061 1346 2117 Francorum
1370 2079 1421 2131 ag·

374 2150 499 2221 gestavit,
532 2148 583 2219 qui
616 2148 679 2201 haec
702 2147 800 2201 omnia
831 2147 936 2211 sciens,
970 2145 1022 2201 sed
1052 2145 1251 2211 dissimulans,
1276 2145 1422 2200 nitebatur

374 2233 487 2289 viribus
508 2239 539 2288 et
562 2230 726 2287 substantia
744 2235 835 2284 totam
855 2228 1106 2285 christianitatem
1130 2229 1246 2283 trahere
1264 2228 1295 2283 in
1314 2230 1422 2284 erroris

375 2317 521 2389 abyssum.

598 2528 739 2653 Deditis
762 2586 1048 2653 emolliretur·
1071 2585 1207 2672 Aepoli.

413 2743 488 2799 cnm
520 2742 582 2797 haee
613 2742 655 2797 ita
685 2760 717 2797 se
745 2742 894 2804 haberent,
921 2742 1051 2796 arridere
1075 2743 1164 2815 eoepit
1194 2743 1330 2814 aliqualis
1355 2761 1493 2810 auravrhe
1507 2759 1591 2810 (jasue

378 2827 505 2881 serenior
529 2826 653 2881 Domino
676 2825 796 2881 Urbano
819 2825 907 2893 Papae
931 2825 1096 2897 populoque
1130 2827 1269 2892 Romano,
1302 2826 1552 2881 DominoofSaint

378 2913 526 2967 auferente
545 2910 732 2981 opprobrium
751 2926 786 2964 ex
807 2908 910 2972 Israel,
929 2913 960 2962 et
979 2916 1144 2965 conterente
1165 2918 1264 2981 portas
1283 2928 1383 2974 aereas,
1397 2916 1427 2964 et
1439 2893 1542 2971 ᾹΠΒΡῙΟ

379 2999 476 3050 vectes
491 2995 601 3048 ferreos
614 2994 824 3064 confringente.
862 2993 976 3055 Portas,
997 2993 1124 3063 inquam,
1139 2999 1169 3048 et
1183 3000 1282 3050 vectes
1295 2994 1302 3026 ¹
1313 2994 1426 3050 castelli
1438 2959 1584 3090 fflned

379 3078 578 3142 munitissimi,
600 3076 721 3133 castelli
741 3076 880 3132 videlicet
905 3075 1005 3131 Sancti
1023 3076 1141 3146 Angeli,
1168 3078 1245 3148 quod
1269 3079 1365 3133 fuerat
1383 3078 1425 3132 eis
1438 3097 1576 3157 0pp0nenu

379 3163 463 3234 spina
480 3163 512 3216 in
530 3161 623 3226 oculo,
644 3161 676 3215 in
698 3161 789 3216 latere
809 3160 956 3224 stimuluS,
980 3161 1118 3231 quamdiu
1139 3161 1336 3233 Antipapales,
1360 3162 1424 3214 Bri·
1437 3160 1544 3222 ofP0p0

379 3247 459 3301 tenni
471 3245 617 3309 videlicet,
633 3244 708 3299 illud
726 3245 918 3315 municipium
936 3251 1123 3314 occuparunt.
1160 3246 1294 3301 Britanni
1313 3262 1424 3309 revera,
1438 3226 1534 3277 ΠΜ·

379 3329 417 3385 od
444 3330 508 3401 ejus
532 3328 695 3383 custodiam
725 3346 792 3383 mox
814 3326 865 3382 ²iu
897 3328 982 3382 initio
1013 3327 1127 3382 dissidii
1157 3329 1234 3383 inter
1264 3328 1373 3400 Papam
1398 3334 1427 3384 et

380 3411 549 3468 cardinales
568 3410 716 3475 destinati,
737 3411 812 3465 illud
830 3411 957 3466 viriliter
969 3411 1145 3476 munierunt,
1165 3411 1303 3466 bellicose
1323 3413 1428 3483 guber·

380 3501 494 3559 nerunt,
508 3500 539 3549 et
550 3500 668 3549 strenue
681 3500 891 3560 servaveruut3
906 3494 1098 3556 edocentem,
1111 3501 1145 3549 ut
1155 3491 1189 3564 3[“
1212 3491 1225 3564 ]
1238 3495 1428 3564 ignominiam

382 3578 504 3634 Romani
527 3578 627 3650 populi
651 3578 837 3641 redundaret,
864 3578 1006 3649 quiequid
1030 3577 1161 3632 meditati
1182 3584 1260 3642 sunt,
1290 3578 1429 3650 quicquid

382 3663 538 3718 machinati
563 3671 640 3725 sunt,
667 3661 807 3732 quicquid
831 3662 957 3732 denique
981 3667 1081 3732 operte
1105 3662 1331 3733 compleverimt.
1372 3663 1429 3717 Ro·

382 3765 533 3801 manorum
550 3763 675 3815 namque
693 3744 769 3798 bona
786 3745 967 3816 diripientes,
988 3747 1019 3800 in
1037 3746 1189 3801 castellum
1201 3754 1427 3819 comportarunt,

382 3831 462 3885 ⁴loco
474 3829 571 3884 vicina
589 3829 786 3892 devastarunt,
807 3835 837 3883 et
854 3829 968 3900 objecta
989 3847 1122 3901 qumque,
1145 3830 1258 3886 scilieet
1277 3830 1380 3886 domus
1400 3837 1430 3886 et

382 3914 499 3985 palatia,
525 3931 590 3984 quae
615 3912 658 3966 eis
686 3913 767 3966 nullo
791 3913 876 3967 modo
899 3931 964 3968 esse
994 3920 1112 3984 possent
1135 3915 1351 3986 impediment0,
1370 3933 1430 3968 ma-

384 3998 485 4061 ehiniS,
504 3996 667 4060 trabiculis,
688 3995 859 4060 missilibus,
874 4003 904 4052 et
922 3998 1069 4068 petrariis,
1082 4005 1321 4069 conquassarent.
1358 3998 1431 4052 Erat

383 4081 492 4135 ibidem
515 4097 635 4135 eernere
660 4080 770 4145 (nescio
801 4086 901 4135 utrum
927 4081 1023 4151 magis
1045 4081 1242 4136 miserandum
1267 4099 1303 4135 an
1332 4081 1429 4135 dolen-

384 4165 453 4219 dum
475 4161 684 4235 spectaculum)
696 4162 847 4235 populum,
866 4164 951 4234 cujus
968 4165 1101 4236 patribus
1120 4166 1202 4220 nulla
1219 4165 1332 4229 civitas,
1350 4164 1431 4221 nulla

384 4248 542 4319 provincia,
562 4247 676 4301 nullum
696 4265 831 4319 regnum,
857 4247 984 4319 denique
1002 4267 1056 4304 nec
1081 4255 1159 4304 tetus
1184 4249 1319 4312 mundus,
1343 4267 1431 4318 quan·

385 4333 480 4402 doque
507 4331 644 4387 resistere
674 4332 779 4403 potuit,
807 4334 870 4403 jam
901 4333 1028 4404 propriis
1058 4333 1164 4387 finibus
1194 4333 1237 4386 ita
1259 4333 1359 4396 artari,
1391 4333 1434 4387 ita

385 4416 493 4478 vexari,
512 4414 603 4469 ‘adeo
621 4415 846 4486 reprobabiliter
864 4416 1014 4471 deturbari
1033 4436 1051 4470 a
1062 4417 1137 4470 facie
1157 4415 1312 4470 mediocris
1332 4417 1430 4482 castri,

385 4505 420 4555 ut
442 4516 514 4570 pene
535 4517 650 4553 omnem
670 4517 752 4571 spem
772 4500 919 4555 amitteret
938 4500 1105 4554 resistendi.

421 4809 550 4860 'Omitted
560 4810 587 4857 in
598 4809 641 4858 the
651 4809 751 4873 printed
762 4817 835 4858 texts.
970 4807 1041 4856 ‘loca
1054 4808 1080 4856 in
1091 4808 1133 4859 the
1145 4808 1243 4872 printed
1253 4815 1326 4861 texts.

420 4890 430 4918 ²
442 4890 468 4936 ia
479 4888 583 4938 omitted
593 4888 621 4936 in
630 4888 762 4938 camden’s
773 4896 834 4937 text.
969 4886 1022 4936 ὁ(ιό
1038 4903 1064 4936 eo
1083 4886 1110 4936 in
1129 4887 1192 4953 orig.
1209 4889 1260 4938 and
1277 4890 1320 4940 tbe
1336 4890 1436 4954 printed

420 4970 430 4997 ⁸
442 4967 561 5030 Suppliad
571 4966 636 5015 from
649 4966 717 5015 Bibl.
727 4967 790 5031 Reg.
798 4966 827 5016 E.
841 4965 880 5014 ix:
936 4974 1003 5016 texts
1014 4987 1021 5026 ;
1046 4968 1174 5018 corrected
1198 4967 1264 5018 from
1286 4969 1354 5020 Bibl.
1372 4971 1435 5036 Reg.

388 5047 492 5097 onnaed
500 5045 527 5095 iu
536 5045 579 5095 the
587 5044 687 5109 printed
697 5052 771 5095 texts.
941 5053 969 5097 13
982 5047 1010 5097 E.
1023 5046 1058 5097 ix.
