3750 6250
748 1114 1135 1168 amoaramonrcaun
1403 1108 1469 1177 387

317 1309 388 1362 Bihl,
419 1300 525 1358 Sancto
546 1302 643 1367 Petro,
667 1302 692 1357 si
710 1303 862 1374 placuerit.
900 1304 972 1359 Post
996 1306 1170 1363 oblationem
1194 1308 1334 1379 pecuniae,
1361 1309 1468 1367 obtulit
1479 1322 1547 1374 M),
1562 1328 1633 1379 1377,

305 1395 314 1424 '·
331 1381 360 1426 ¹3
417 1386 645 1459 Archiepiscopo
663 1404 767 1458 panem
786 1393 816 1442 et
834 1389 944 1451 vinum,
965 1390 1003 1444 ad
1021 1391 1139 1445 modum
1153 1394 1368 1458 monachorum,
1389 1396 1466 1450 unde

304 1458 329 1491 Χ.

416 1478 525 1542 postea,
545 1477 605 1526 tam
629 1471 870 1542 Metropolitanus
892 1491 980 1544 quam
1000 1475 1062 1545 ipse
1088 1476 1151 1529 Rex
1174 1479 1379 1534 communicati
1405 1480 1465 1534 fue·

416 1563 492 1611 runt.
531 1554 594 1625 Quo
613 1556 697 1620 faeta,
719 1556 832 1619 Comes,
853 1557 890 1611 ad
909 1558 993 1630 cujus
1013 1559 1138 1613 officium
1163 1561 1326 1631 pertinebat
1348 1570 1463 1635 portare

416 1640 548 1710 gladium
573 1657 672 1694 eoram
695 1639 787 1710 Rege,
810 1641 943 1710 gladium
969 1660 1056 1713 quem
1086 1644 1241 1708 obtulerat,
1273 1646 1340 1700 dato
1369 1650 1463 1719 pretio

391 1730 548 1793 ‘redemit
568 1735 598 1784 et
617 1747 767 1784 assumens
789 1748 865 1793 eum,
886 1731 1021 1803 portabat
1042 1750 1140 1787 coram
1161 1732 1221 1788 illo.
1259 1733 1462 1791 Percelebruta
1474 1743 1529 1795 The
1539 1744 1605 1797 Con·

414 1813 507 1868 Missa
530 1832 623 1885 usque
647 1815 685 1868 ad
706 1814 953 1880 Communionem‚
980 1816 1118 1872 reductus
1143 1825 1189 1873 est
1212 1818 1276 1872 Rex
1299 1819 1335 1874 ad
1359 1820 1458 1885 altare,
1474 1811 1626 1863 f⁰⁸⁸l0¹¹²¹¹d

414 1905 445 1953 et
465 1917 542 1970 genu
566 1900 639 1953 flexo
664 1916 762 1953 eoram
775 1898 1012 1973 Archiepiseopo‚
1039 1901 1169 1956 dixit-“
1183 1902 1358 1958 Confiteor.’'
1398 1879 1631 1973 QnoAb⁸⁰¹¹¹¹i⁰⁰·

413 1984 555 2048 absoluto,
583 1984 812 2040 communicatus
832 1991 885 2049 est,
908 1992 937 2041 et
957 1987 1065 2041 iterum
1089 1986 1226 2041 reduetus
1245 1994 1291 2043 est
1308 1987 1345 2043 ad
1364 1977 1461 2045 s'edem

414 2087 505 2123 suam.

448 2154 565 2209 Interea
588 2160 803 2226 praeparaverat
821 2172 853 2208 se
872 2154 992 2225 quidam
1009 2154 1104 2219 miles,
1125 2155 1269 2211 Dominus
1301 2157 1460 2222 Johannes,
1475 2169 1630 2237 Thelzing’s

412 2245 602 2308 cognomento
628 2238 833 2310 “Dymmok‚”
860 2240 910 2310 qui
935 2239 1079 2294 clamabat
1103 2257 1134 2294 se
1157 2240 1264 2294 habere
1285 2242 1335 2311 jus
1358 2243 1394 2296 ad
1415 2242 1463 2296 de·
1477 2230 1620 2301 Chssmplffl

413 2323 587 2377 tendendum
607 2323 678 2393 jura
698 2324 789 2393 Regis
814 2323 947 2385 illo.die,
974 2329 1004 2378 et
1028 2325 1142 2378 etiamsi
1167 2343 1239 2395 opus
1263 2332 1341 2380 esset
1365 2314 1614 2421 du⁰¹1⁰ffipefflt

411 2407 633 2478 confligendum,
661 2408 686 2462 si
712 2407 818 2479 aliquis
849 2416 1039 2479 praesumeret
1075 2408 1218 2462 affirmare
1256 2409 1368 2480 Regem
1406 2428 1462 2464 non
1475 2385 1559 2487 (1023.
1597 2387 1630 2438 ey

411 2491 518 2545 habere
542 2492 592 2563 jus
619 2494 649 2547 in
673 2510 764 2563 regno
795 2491 930 2562 Angliue;
952 2509 1119 2562 quanquam
1143 2510 1196 2563 per
1224 2499 1299 2556 unte,
1321 2493 1463 2549 Dominus

410 2576 606 2646 Baldewynus
626 2576 754 2630 Frcville
775 2576 853 2630 idem
882 2576 1009 2631 officium
1031 2576 1247 2640 calumniasset,
1272 2577 1324 2631 sed
1343 2578 1463 2632 minime

410 2660 590 2716 obtinuisset.
623 2661 684 2716 Istc
698 2660 919 2731 crgoDominns
933 2661 954 2714 J
955 2661 1082 2715 ohannes
1095 2668 1273 2716 memoratus
1286 2663 1365 2716 circa
1376 2663 1462 2716 finem

411 2745 511 2798 Missae
526 2745 667 2800 ¹accessit
680 2746 717 2799 ad
729 2746 830 2800 valvas
849 2745 991 2808 eeclesiae,
1012 2751 1141 2800 armatus
1160 2746 1373 2810 decentissime,
1393 2747 1463 2800 insi-

409 2828 479 2882 dens
498 2828 675 2883 dextrarium
688 2830 884 2901 pulcherrime
896 2825 1090 2900 phaleratum,
1106 2836 1194 2900 caput
1207 2831 1295 2885 etiam
1313 2841 1343 2884 et
1360 2836 1461 2901 pectus

409 2920 571 2977 armatum
600 2931 686 2984 quem
705 2913 782 2967 idem
801 2913 944 2967 Dominus
964 2913 984 2966 J
986 2913 1112 2969 ohannes
1125 2915 1284 2985 assumpsit
1298 2914 1334 2966 de
1348 2913 1461 2968 stabulo

409 2997 501 3065 regie,
528 3003 610 3050 utens
632 2997 771 3051 videlicet
792 2997 871 3051 avita
899 2996 1108 3052 consuetudine
1133 3004 1194 3051 tam
1218 2997 1249 3050 in
1273 3013 1347 3067 equo
1373 3015 1461 3066 qnam

409 3081 497 3134 armis
518 3080 661 3151 eligendis
681 3081 717 3135 de
736 3082 874 3136 thesauro
895 3081 997 3153 Regis.
1041 3080 1119 3136 Nam
1138 3087 1168 3136 et
1188 3081 1330 3152 optimum
1353 3097 1458 3152 equum

408 3171 514 3236 praeter
532 3185 632 3230 unum,
654 3173 684 3221 ct
702 3174 809 3237 praetcr
827 3185 915 3220 unam
931 3167 1109 3238 praecipuam
1128 3172 1314 3229 armaturam,
1330 3166 1459 3219 facturus

407 3249 517 3303 dictum
536 3251 660 3304 officium
678 3249 788 3321 ⁴²eliget
806 3251 843 3305 ad
860 3257 928 3306 vota
947 3270 1008 3306 sna.
1046 3251 1175 3306 Veniens
1193 3251 1286 3320 igitur
1303 3250 1340 3304 ad
1352 3250 1459 3304 ostium

407 3333 586 3398 Monasterii,
618 3335 878 3406 praeequitantibus
918 3334 1041 3398 duobus,
1081 3336 1131 3405 qui
1163 3335 1226 3405 ejus
1263 3333 1393 3388 lanceam
1429 3341 1459 3388 et

407 3417 541 3489 clypeum
565 3425 762 3489 portaverunt,
786 3420 950 3491 expectavit
968 3420 1076 3474 ibidem
1096 3419 1182 3472 finem
1201 3418 1310 3472 Missua.
1347 3418 1456 3473 Mares-

406 3500 498 3555 callns
516 3508 622 3565 autem,
645 3502 787 3557 Dominus
809 3503 956 3558 Henrieus
985 3504 1088 3574 Percy‚
1112 3503 1243 3557 facturus
1263 3503 1342 3557 viam
1361 3514 1457 3557 coram

406 3585 497 3654 Rege,
518 3604 584 3640 cnm
603 3586 768 3642 Senescallo
787 3587 914 3657 Angliae,
938 3588 1051 3642 scilicet
1068 3588 1158 3651 Duce,
1179 3594 1209 3641 et
1227 3585 1455 3651 Constabulurio‚

407 3669 530 3723 Domino
567 3671 678 3725 Thema
706 3672 873 3736 Wodestok,
904 3678 990 3743 atque
1022 3672 1111 3725 fratre
1136 3670 1267 3742 ejusdem
1291 3670 1456 3726 Marescelli

406 3752 531 3807 Domino
554 3754 665 3808 'l'homa
688 3755 792 3827 Perey‚
820 3757 870 3826 qui
896 3773 995 3810 omnes
1021 3771 1143 3825 magnos
1167 3755 1365 3826 inequitavere
1390 3755 1457 3808 dex·

405 3839 520 3901 tranas,
552 3840 633 3894 venit
662 3837 700 3893 ad
730 3839 839 3894 dietum
868 3840 1003 3904 militem,
1036 3839 1136 3894 dicens
1165 3857 1223 3893 non
1253 3839 1358 3893 debere
1389 3856 1455 3893 eum
1468 3843 1580 3895 Heisdi·

406 3939 440 3975 ea
463 3922 534 3975 hora
564 3922 673 3986 venire,
707 3923 758 3977 sed
789 3923 866 3994 qnod
896 3942 989 3996 usque
1020 3923 1057 3977 ad
1080 3922 1235 3994 prandium
1260 3923 1351 3992 Regis
1378 3921 1455 3977 ³dis-
1468 3913 1588 3988 Γθθῖῗᾱῑθ

405 4006 522 4061 tulisset
549 4007 705 4061 adventum
730 4025 823 4062 suum.
875 4007 1055 4080 Quapropter
1085 4008 1197 4062 monuit
1221 4013 1255 4062 ut
1278 4006 1395 4069 rediret,
1414 4015 1452 4070 et,
1466 3978 1614 4095 {ffiffie

405 4089 535 4160 deposito
560 4097 640 4145 tanto
666 4109 752 4145 onere
780 4110 934 4156 armorum,
968 4093 1131 4163 quiesceret
1156 4090 1194 4145 ad
1224 4091 1298 4145 illud
1327 4098 1450 4160 tempus.
1465 4111 1614 4172 myapssw,

403 4173 509 4227 ⁴Miles
527 4192 606 4238 vero,
628 4176 714 4244 juxta
731 4177 884 4231 consilium
902 4175 1069 4231 Maresealli
1088 4176 1227 4238 facturus,
1248 4175 1380 4229 abcessit.
1465 4183 1532 4238 quet

439 4258 523 4311 Illieo
541 4264 607 4329 post
625 4259 776 4314 decessum
797 4261 908 4323 militis,
923 4259 1182 4331 praeequitantibus
1196 4259 1306 4329 Regem
1320 4256 1453 4311 Dominis
1466 4267 1521 4318 The
1532 4269 1603 4334 King

309 4331 313 4343 '
404 4343 577 4412 supradictis
602 4362 690 4414 super
714 4345 873 4399 dextrarios
898 4364 976 4408 suos,
1003 4363 1113 4399 necnon
1143 4343 1323 4415 praecedente
1346 4340 1600 4410 magnoffltssfflw

403 4444 523 4479 numero
548 4427 657 4481 diversi
682 4430 798 4498 generis
819 4429 1004 4492 histrionum,
1030 4434 1163 4499 portatus
1188 4432 1233 4481 est
1262 4427 1293 4479 in
1322 4425 1451 4480 humeris
1465 4401 1614 4455 themam·

404 4510 536 4565 militum
548 4529 642 4583 usque
654 4512 691 4566 ad
704 4512 803 4582 regale
813 4512 961 4567 Palatium
973 4535 980 4577 ;
1001 4511 1106 4566 ductus
1128 4528 1242 4582 quoque
1254 4510 1285 4564 in
1297 4527 1449 4576 cameram,

438 4854 552 4902 'iroeeacit
562 4853 588 4902 in
600 4853 642 4902 the
653 4853 753 4916 printed
764 4859 837 4902 texts.
924 4857 929 4896 Ι
986 4851 1099 4901 ⁴Milites
1115 4853 1142 4901 in
1170 4853 1242 4918 orig,
1268 4853 1390 4904 Milesia
1408 4856 1450 4906 the

434 4932 524 4997 ²elepit
535 4934 562 4982 in
574 4934 616 4983 the
628 4933 727 4997 printed
747 4940 822 4983 texts.
954 4932 1055 4996 printed
1064 4939 1137 4982 texts.

435 5016 445 5041 ³
456 5012 568 5079 differret
579 5013 605 5061 in
614 5017 656 5062 the
665 5012 763 5077 printed
774 5020 847 5062 texts.

1292 5111 1317 5158 Y
