3750 6250
704 1077 868 1129 n1sron1n
883 1080 1093 1132 annaneane.
1358 1071 1420 1136 165

261 1261 340 1316 Bibl.
369 1255 591 1330 despiciendum
608 1262 730 1336 Regem,
751 1272 781 1322 ct
798 1266 962 1321 acclamans
980 1266 1011 1321 in
1028 1268 1125 1338 ipsum
1144 1265 1256 1336 Regem
1273 1265 1417 1320 vilissime
1430 1278 1499 1333 ΑΛ),
1519 1286 1590 1332 1322.

261 1335 307 1420 ¹¹³
370 1350 401 1398 et
426 1350 688 1420 contemptibiliter
714 1369 781 1407 eum
799 1371 907 1423 magno
930 1352 1071 1417 tumultu,
1102 1352 1134 1406 in
1163 1352 1323 1407 maximum
1353 1368 1419 1406 con-

260 1434 275 1448 ”
370 1433 515 1500 temptum
543 1433 645 1504 ipsius,
673 1453 707 1490 ac
734 1436 759 1491 si
795 1454 853 1490 non
883 1435 989 1491 fuisset
1022 1436 1086 1506 ejus
1114 1435 1257 1500 dominus,
1286 1453 1341 1490 nec
1368 1452 1419 1489 rex

370 1513 445 1585 ejus.
495 1515 610 1573 Idcirco
634 1526 777 1575 venerunt
804 1538 892 1590 super
917 1537 984 1574 eum
1019 1519 1098 1574 mala
1130 1518 1295 1590 prasentia,
1332 1524 1420 1590 prout

370 1597 510 1664 creditur,
537 1606 572 1655 ut
595 1619 649 1672 per
672 1602 735 1658 haec
759 1608 903 1675 purgatus
930 1602 1047 1658 facilius
1077 1608 1144 1674 post
1172 1602 1247 1657 hanc
1280 1602 1419 1658 caducam

370 1687 518 1737 mereatur
535 1685 673 1756 consequi
691 1685 783 1741 vitam
809 1687 934 1741 beatam.
980 1685 1095 1741 ¹'i'ertio
1122 1702 1227 1757 nempe
1245 1686 1293 1741 dio
1311 1703 1330 1740 a
1352 1703 1418 1757 cap·
1431 1692 1573 1745 Hcissen-

369 1764 449 1819 tione
476 1784 538 1831 sua,
565 1767 704 1826 sedenmt
733 1770 890 1842 principes,
917 1775 949 1825 et
974 1770 1005 1824 in
1030 1787 1098 1824 eum
1128 1769 1302 1824 sententiam
1328 1769 1419 1825 dicta·
1431 1762 1559 1812 “mili‘’

370 1853 484 1914 verunt,
503 1849 645 1907 Dominus
664 1852 727 1907 Rex
741 1853 772 1907 in
790 1852 903 1924 primis,
918 1852 1116 1908 assidentibus
1128 1851 1284 1907 Edmundo
1303 1827 1448 1908 Comini
1617 1847 1621 1854 ’

370 1931 490 1998 Cantiae,
526 1934 653 2006 Hugone
684 1937 797 1992 Gemite
826 1936 1002 2007 Wyntoniae,
1033 1936 1160 2007 hymerc
1196 1935 1310 1992 Gemite
1342 1936 1417 1990 Pen-

369 2016 505 2082 brochioa,
525 2017 657 2074 Johannc
675 2020 712 2074 de
729 2020 876 2075 Warenna
899 2020 1014 2076 Gemite
1040 2019 1222 2091 Southreyae,
1242 2018 1338 2074 David
1363 2018 1417 2074 Oo-

370 2099 440 2154 mitc
464 2100 501 2155 de
517 2101 649 2167 Athesel,
678 2103 807 2159 Roberto
832 2103 946 2159 Gemite
971 2103 1008 2157 de
1025 2101 1144 2174 Angus3
1163 2103 1215 2158 ubi
1233 2102 1416 2173 adjudicatus

369 2190 415 2237 cst
436 2183 582 2249 tractioni,
602 2187 794 2257 suspensioni,
814 2191 845 2242 et
862 2186 1057 2242 decollationi.
1094 2187 1214 2251 Tamen,
1241 2186 1311 2257 quia
1337 2185 1416 2240 idem

368 2265 474 2322 Comes
491 2266 529 2321 de
546 2269 695 2339 parentela
713 2270 769 2326 suit
792 2268 946 2326 excellenti
971 2275 1002 2325 et
1025 2269 1210 2325 nobilissima
1235 2274 1414 2341 procreatus,

368 2347 440 2413 Rex,
467 2349 504 2404 ob
529 2352 723 2407 reverentiam
749 2353 906 2424 parentela]
925 2371 995 2418 suae,
1016 2353 1132 2409 remisit
1157 2352 1194 2407 de
1221 2370 1275 2407 sua
1292 2351 1415 2423 speciali

367 2433 464 2504 gratia
490 2433 568 2490 dicto
592 2436 710 2491 Thema
739 2435 849 2492 Domiti
873 2437 1073 2493 executionem
1100 2437 1224 2493 duarum
1251 2453 1413 2507 poenarum,

367 2516 446 2588 quod
470 2517 548 2572 idem
566 2520 691 2575 Thomas
710 2519 815 2576 Comes
839 2537 897 2575 non
921 2522 1088 2577 traheretur
1106 2539 1159 2576 nec
1178 2519 1414 2592 suspenderetur,

367 2600 420 2655 sed
445 2600 522 2671 qnod
547 2604 678 2658 executio
702 2603 786 2661 fieret
804 2604 1004 2660 tantummodo
1023 2622 1111 2676 super
1128 2605 1235 2675 ipsum,
1263 2602 1340 2674 quod
1366 2601 1416 2657 do·
1427 2609 1490 2662 And
1501 2628 1559 2664 exe·

366 2684 560 2755 capitaretur;
596 2687 697 2757 sicque
729 2686 909 2759 decapitatus
943 2694 989 2743 est
1020 2694 1102 2743 extra
1132 2687 1234 2742 villam
1261 2686 1297 2741 de
1322 2680 1509 2742 Ponaeuet

366 2765 481 2832 Fracto,
501 2786 520 2823 a
536 2770 668 2841 captione
686 2789 740 2825 sua
757 2771 805 2825 die
823 2769 936 2836 'tertia
956 2776 991 2827 ut
1013 2771 1178 2843 praefertur.

400 2852 555 2908 Warrinus
585 2854 621 2908 de
651 2854 762 2921 Insula,
793 2853 961 2909 Willelmus
991 2854 1093 2919 Toket,
1125 2854 1251 2909 Thomas
1280 2851 1414 2918 Maudut,
1428 2864 1569 2916 Exoeution

365 2936 515 2991 Henricus
540 2937 576 2992 de
597 2937 813 3003 Bradebourue,
832 2938 1000 2994 Willelmns
1025 2937 1104 2993 filius
1122 2937 1275 3003 Willelmi,
1296 2941 1326 2992 et
1343 2936 1416 2992 Wil·
1428 2931 1460 2981 οἷ
1470 2932 1542 2982 other

366 3021 472 3076 lelmus
490 3021 618 3092 Cheyne,
646 3023 696 3093 qui
721 3022 799 3093 capti
825 3029 893 3077 sunt
919 3039 988 3077 cum
1011 3021 1122 3076 Thema
1146 3020 1270 3084 Gemite,
1296 2999 1553 3114 proptergfriggih0
1571 3070 1583 3114 t

365 3105 495 3161 roberias
525 3111 556 3161 et
585 3105 716 3171 felonias,
744 3110 774 3161 ct
803 3106 1001 3161 resistentiam
1032 3123 1120 3175 quam
1153 3104 1286 3159 lecerunt
1315 3080 1572 3197 ⁰0nil⁰¹1tuglagndu

365 3189 478 3260 Regem
497 3187 534 3243 ed
552 3189 653 3244 villam
671 3189 707 3243 dc
725 3190 865 3254 Burtonc,
886 3189 1051 3245 occidentes
1078 3188 1170 3257 Regis
1196 3187 1366 3251 familiares,
1386 3192 1417 3241 et

365 3271 457 3343 Regis
486 3272 643 3327 transitum
669 3272 865 3345 prohibentes,
897 3291 930 3328 ac
960 3278 1073 3343 partem
1099 3271 1178 3325 villa
1207 3269 1354 3342 praedictat
1385 3269 1416 3324 iu

364 3372 498 3411 rcccsssu
518 3374 571 3411 suo
589 3356 800 3422 comburentes,
821 3363 985 3428 caeteraque
1009 3361 1220 3428 perpetrantes,
1248 3372 1313 3425 quae
1338 3354 1416 3410 dicto

365 3439 484 3495 Thomae
510 3439 617 3495 Comiti
639 3441 836 3512 imponuntur,
865 3441 1023 3513 adjudicati
1050 3450 1127 3505 sunt,
1147 3439 1183 3494 de
1209 3438 1415 3511 praedictorum

366 3522 514 3579 Comitum
541 3530 571 3578 ct
588 3523 736 3579 Beronum
754 3525 884 3590 caraille,
912 3523 1047 3579 tractioui
1073 3527 1104 3578 et
1130 3522 1313 3594 suspensioni
1337 3521 1415 3593 apud

260 3605 338 3701 ¹²37&
366 3606 540 3662 Eboracum.
585 3607 727 3663 Dominus
746 3608 881 3678 Rogerus
900 3607 1031 3672 Glifford,
1051 3606 1195 3662 Dominus
1214 3605 1360 3661 Johmmes
1379 3605 1416 3660 de

260 3661 321 3750 dibi
367 3690 540 3762 Meunbray,
555 3690 656 3746 codem
670 3691 783 3763 judicio
795 3690 978 3747 condemnati
990 3696 1058 3745 sunt
1070 3694 1100 3745 et
1112 3689 1256 3760 suspensi.
1292 3687 1417 3744 ³Gosse·

260 3756 356 3802 ΜΕ
369 3775 447 3829 linus
474 3774 510 3829 dc
537 3775 653 3846 Innylla
678 3776 768 3831 simili
792 3782 870 3830 sorte
888 3776 979 3830 vitam
998 3773 1111 3840 finivit3
1140 3778 1242 3845 expost
1258 3790 1416 3844 parumper

261 3850 334 3901 Blbl·
370 3857 512 3914 Dominus
526 3858 673 3913 Henrieus
691 3860 767 3929 Tyes
785 3865 887 3931 captus
905 3856 1062 3913 Londoniis
1079 3862 1191 3911 tractus
1209 3861 1239 3911 et
1257 3873 1416 3926 suspensus

272 3922 303 3968 ¹³
370 3949 424 3998 est.
462 3944 575 4000 Deinde
587 3946 730 4000 Dominus
748 3943 979 3998 Bartholomaeus
997 3940 1178 3995 Datlcsmere
1196 3946 1298 4010 captus
1316 3939 1412 4008 ⁴[cst],

261 4020 271 4034 ⁶
370 4036 400 4084 et
429 4029 594 4086 Cantuariso
624 4029 792 4084 decollatus.
843 4027 929 4082 Solus
959 4024 1102 4079 Dominus
1133 4025 1268 4094 Rogems
1298 4024 1414 4077 Tamori

367 4122 460 4170 morto
485 4116 559 4171 obiit
583 4113 719 4170 naturali.
768 4111 882 4167 Gaetcra
900 4111 951 4181 qui
969 4108 1097 4164 voluerit
1113 4107 1214 4162 videre
1237 4106 1362 4178 plenius,
1382 4107 1414 4160 in

366 4198 668 4256 ChronicisWillclmi
679 4197 860 4268 ‘Rysangra
875 4193 953 4266 apud
966 4193 1105 4249 Sanctum
1114 4190 1270 4256 Albanum,
1281 4189 1413 4260 ‘plenius

364 4284 472 4355 poterit
495 4283 641 4354 reperirc;
668 4282 719 4336 ubi
738 4279 933 4335 Recordatum
952 4276 1044 4347 Regis
1071 4275 1196 4330 habetur
1217 4273 1253 4328 de
1278 4272 1413 4329 omnibus

366 4367 543 4422 memoratis.

842 4510 894 4515 --.
909 4506 1050 4515 .--...—-—-
1068 4504 1122 4511 ...α-.-
1136 4503 1218 4509 -.-..

599 4515 663 4523 ..-
673 4513 773 4520 -.---..
784 4512 787 4517 .
798 4511 840 4517 --v

399 4608 405 4638 ¹
419 4606 483 4656 This
499 4605 638 4671 portiones
651 4606 694 4656 the
706 4603 831 4655 amative
842 4603 864 4652 is
912 4607 951 4656 lar
962 4612 988 4657 to
999 4605 1054 4655 that
1069 4604 1144 4670 given
1156 4604 1191 4668 by
1203 4602 1358 4666 Trokelowe,
1369 4605 1415 4656 but

364 4686 492 4752 evidently
504 4687 607 4739 derived
617 4687 682 4736 from
693 4685 736 4735 the
747 4685 829 4736 words
839 4683 869 4732 ol
912 4686 994 4736 fuller.

366 4766 408 4817 the
420 4766 524 4817 Record
949 4763 1088 4828 'Supplied
1097 4762 1162 4812 llom
1174 4761 1216 4812 the
1228 4762 1328 4827 printed
1337 4770 1414 4816 texts.

397 4849 434 4878 ²⁸⁴
452 4855 519 4897 sexto
532 4854 591 4912 pest
608 4847 647 4896 die
663 4844 790 4911 suspendio
811 4862 866 4896 con-
946 4842 1090 4906 ὃΙίιέτιιιιριν
1101 4840 1127 4890 in
1139 4840 1182 4890 the
1193 4840 1293 4905 printed
1304 4849 1379 4893 texts.

363 4932 380 4955 ‘⁴
387 4925 511 4975 «mantas
520 4927 654 4977 est.”-Dc
665 4926 690 4975 la
701 4926 782 4976 Moor.
946 4926 956 4955 ⁸
966 4922 1040 4974 lutiae
1051 4922 1079 4971 in
1090 4921 1132 4973 the
1143 4922 1242 4988 printed
1253 4931 1325 4977 texts

397 5008 408 5036 ⁸
419 5006 484 5057 This
495 5014 602 5058 acooum
617 5006 639 5056 is
649 5005 787 5058 remeabat
797 5005 867 5057 simi·
