3750 6250
728 1098 892 1148 maroam
906 1098 1112 1149 arenosas.
1377 1087 1440 1153 133

298 1296 364 1347 nial,
397 1290 415 1313 ‘⁴
436 1303 586 1357 possemus
623 1286 839 1355 quomodolibet
867 1287 1013 1343 detincre:
1052 1305 1173 1359 pensare
1210 1287 1348 1342 debemus
1385 1287 1442 1344 viri
1454 1303 1523 1356 M),
1536 1312 1606 1358 1³12.

305 1368 337 1413 1³
396 1374 415 1397 “
435 1370 553 1436 scelera,
567 1375 598 1424 et
615 1388 667 1441 per
685 1388 752 1425 eum
769 1371 871 1442 patria)
890 1372 973 1427 illata
989 1371 1103 1437 damna,
1124 1390 1189 1441 quar
1208 1389 1322 1443 sempor
1340 1390 1441 1443 seque·

300 1465 308 1479 ·
396 1456 540 1510 “bantur
563 1454 653 1509 verba
674 1454 808 1520 ridicula,
834 1456 959 1526 superba
982 1473 1127 1527 respousa.
1166 1455 1305 1510 Recolero
1327 1475 1442 1528 quoque

396 1543 415 1567 “
435 1540 478 1595 sas
502 1545 549 1594 est
571 1539 684 1593 labores
707 1539 838 1610 publicos
869 1547 898 1596 ct
927 1540 1065 1611 privatos,
1097 1557 1235 1611 expensas
1265 1539 1440 1605 innumeras,

396 1627 415 1651 “
434 1624 599 1679 vexationes
611 1624 716 1688 varias,
730 1624 778 1678 vix
797 1642 926 1695 unquam
945 1624 1151 1689 terminabiles,
1173 1643 1238 1696 qum
1251 1625 1442 1681 sustinuimus

396 1712 415 1735 ‘⁶
434 1715 501 1775 ante
524 1708 652 1779 praedam
676 1713 807 1779 captam3
845 1714 875 1763 et
899 1708 1007 1764 idcirco
1038 1709 1170 1774 decerno,
1203 1715 1237 1764 ut
1259 1727 1337 1764 nunc
1361 1710 1441 1765 solus

396 1795 415 1819 “
434 1793 515 1864 prius
528 1792 668 1847 moriatur
685 1792 734 1846 hie
751 1792 837 1847 homo
856 1811 943 1864 quam
961 1811 1014 1864 per
1032 1811 1154 1865 guerras
1173 1794 1296 1865 amplior
1313 1793 1441 1849 turbatio

396 1881 415 1904 “
434 1882 547 1932 crescat
570 1876 600 1931 in
623 1875 744 1946 regnc.”

428 1961 600 2016 assentiunt
628 1960 757 2016 mriversi
787 1960 844 2017 viri
880 1962 1010 2026 consilio,
1043 1968 1074 2017 et
1102 1962 1223 2018 Petrum
1254 1962 1375 2032 ejiciunt
1404 1962 1440 2016 de
1454 1966 1581 2017 Gaveston

392 2046 549 2117 ergastulo,
575 2045 669 2115 eapite
693 2045 877 2116 plectendum
901 2047 1046 2101 communi
1067 2047 1188 2117 judicio.
1226 2045 1351 2100 Ducitur
1369 2039 1534 2117 argei)utto

393 2130 498 2185 Petrus
516 2130 553 2184 ad
572 2130 676 2193 locum,
693 2134 711 2156 “
722 2130 913 2185 Blakelowc”
932 2132 1108 2196 vocitatum
1131 2137 1169 2194 et,
1183 2136 1321 2200 tanquam
1340 2130 1440 2201 legum
1453 2099 1604 2216 bedffilyot

392 2215 555 2278 subversor,
582 2221 612 2268 et
634 2214 769 2285 publicus
793 2214 875 2284 regui
906 2215 1046 2285 proditor,
1079 2215 1173 2286 capito
1203 2220 1353 2269 trimestus
1384 2220 1437 2269 est.
1452 2231 1588 2283 wfflick,

392 2300 431 2354 Et
460 2299 511 2369 qui
542 2298 686 2368 quondam
723 2306 877 2354 vocaverat
914 2298 1086 2364 Gnidonem,
1118 2298 1254 2354 Warvvici
1285 2297 1437 2361 Comitem,

393 2382 548 2453 “Nigrum
568 2382 676 2437 Canem
694 2382 730 2437 do
748 2382 920 2446 Arderina,”
936 2384 1009 2454 jam,
1028 2383 1113 2454 juxta
1126 2382 1247 2438 Comitis
1260 2382 1438 2446 vaticinium,

393 2485 505 2522 morsus
524 2466 719 2521 amarissimos
738 2468 829 2522 sensit
846 2467 986 2536 ejusdem.

407 2614 409 2618 v
428 2551 435 2583 ¹
446 2551 578 2607 Cadaver
589 2551 670 2605 Petri
683 2569 735 2622 per
747 2551 865 2606 Fratres
875 2551 1084 2607 Praedicatores
1097 2551 1236 2607 Oxoniam
1246 2556 1291 2606 ost
1299 2551 1437 2614 delatum,
1453 2565 1618 2633 flestflnffly

394 2643 423 2692 et
439 2636 513 2691 inter
533 2634 650 2689 oosdam
665 2635 732 2707 plus
752 2636 867 2689 biermio
887 2644 1106 2701 conservatum
1127 2637 1217 2691 donec
1237 2637 1298 2690 Rex
1317 2635 1392 2690 illud
1403 2634 1440 2689 ad
1454 2635 1542 2685 buried
1553 2643 1580 2685 at

394 2720 554 2775 manerium
573 2737 659 2774 suum
680 2720 716 2774 de
736 2720 884 2790 Langleyo
904 2721 1055 2775 transferri
1077 2721 1203 2785 fecisset,
1218 2726 1248 2775 et
1267 2721 1297 2774 in
1318 2701 1575 2774 ecclesiamssbt·

394 2805 530 2859 hotrum
551 2802 788 2869 Praedicatorum,
810 2822 883 2875 quos
902 2804 1011 2859 ibidem
1032 2805 1192 2869 constituit,
1213 2805 1249 2859 do
1270 2804 1352 2875 regio
1372 2805 1441 2858 fiseo

394 2889 530 2952 viaturos,
556 2894 587 2943 et
609 2906 662 2959 pro
686 2888 782 2942 aalma
805 2888 886 2942 Petri
906 2895 937 2943 et
955 2888 1104 2959 regiorum
1128 2888 1346 2960 progenitorum
1366 2888 1439 2942 cole-

393 2973 535 3039 braturos‚
558 2972 715 3027 honorifico
735 2972 919 3028 condidisset.

432 3265 475 3334 Ut
497 3265 655 3332 Proceres
672 3270 795 3352 pretam
819 3260 1022 3350 coaptantem
1044 3261 1210 3350 quosdam
1232 3260 1418 3328 Artieutoa.

298 3445 383 3512 move,
428 3439 583 3511 Maguates
604 3439 698 3511 regui,
719 3437 804 3493 modo
823 3437 944 3510 proetato
963 3436 999 3491 do
1018 3436 1106 3491 Petro
1118 3442 1271 3492 consecuto
1283 3435 1439 3508 proposito,
1455 3443 1564 3495 lui-ther

298 3514 371 3592 ΙΨ·
394 3526 538 3581 miserunt
566 3523 604 3580 od
636 3524 757 3594 Regem,
791 3530 926 3594 proterve
956 3522 1135 3592 postulantes
1163 3521 1342 3592 provisiones
1373 3538 1439 3575 suas
1454 3513 1575 3562 deman&

308 3578 364 3697 {bl
393 3628 445 3683 per
468 3628 535 3665 eum
560 3607 722 3664 confirmari
747 3613 778 3662 et
800 3606 914 3661 effectui
940 3605 1116 3670 demandari,
1143 3606 1359 3669 comminantes,
1384 3603 1441 3659 nisi
1454 3579 1595 3695 Ξξᾱξοῖἷω

298 3680 316 3762 ¹1,
393 3695 536 3750 maturius
560 3693 617 3749 ista
635 3693 752 3756 faceret,
773 3691 811 3746 ad
831 3690 927 3763 ipsum
939 3691 1080 3754 venirent,
1095 3697 1125 3745 ot
1135 3689 1287 3763 praemissa
1298 3688 1441 3761 complere
1454 3728 1488 3762 ΟΠ
1502 3712 1545 3762 the

394 3784 531 3850 cogerent
550 3796 639 3833 manu
658 3776 734 3832 lorti.
770 3774 834 3830 Nec
854 3774 973 3846 segnius
997 3774 1156 3846 implevero
1180 3774 1365 3846 legationem,
1391 3773 1443 3828 sed
1455 3779 1533 3845 King.

394 3863 536 3926 continuo,
562 3861 673 3916 viribus
697 3859 841 3923 admratis,
866 3865 959 3914 totam
982 3859 1107 3930 patriam
1137 3859 1215 3914 circa
1239 3857 1443 3929 Dunstapliam

394 3951 578 4017 occuparunt,
601 3942 682 4015 Rege
701 3941 859 3999 Londoniis
879 3943 1028 3998 existente.
1067 3943 1226 3999 Cernentes
1246 3951 1343 3999 autem
1358 3941 1442 4013 regni
1455 3946 1593 3999 Mediation

394 4030 514 4099 praelati,
529 4048 664 4085 unacum
677 4028 809 4083 Gilberto
821 4026 934 4082 Gemite
948 4026 1121 4093 Glcvernivn,
1132 4028 1221 4084 talmn
1233 4027 1441 4084 dissensionem
1454 4015 1602 4065 0fth‘1‘3ffl

394 4105 532 4170 Ecclesia
556 4113 723 4185 ²regnequo
747 4111 951 4185 perieulosam,
971 4112 1040 4167 totis
1064 4112 1177 4169 viribus
1202 4111 1383 4176 insistebant,
1409 4081 1611 4199 utngall‘l'ffiz'

394 4216 447 4269 pax
466 4201 683 4262 reformaretur,
705 4203 735 4252 et
753 4214 820 4268 pars
840 4203 964 4267 utraque
986 4196 1113 4266 quietior
1132 4215 1196 4254 csso
1215 4203 1321 4269 posset.
1453 4216 1574 4266 ἣρω,

426 4284 487 4339 'lto
498 4292 627 4354 tempore
640 4287 791 4345 venerunt,
806 4299 872 4335 eum
885 4280 969 4351 regni
981 4281 1165 4351 pontificibus
1178 4288 1208 4336 et
1219 4281 1297 4336 dieto
1310 4275 1441 4334 Gilberto
1453 4299 1532 4364 Papal
1544 4300 1595 4349 En,

395 4362 515 4431 Gemite,
541 4363 639 4423 nuncii
663 4363 750 4437 Papm
775 4365 842 4429 duo,
868 4363 905 4418 ad
930 4364 1068 4420 Sanctum
1092 4365 1247 4429 Albanum,
1269 4368 1311 4427 ut,
1334 4361 1441 4416 ibidem
1454 4383 1518 4432 voye
1529 4373 1593 4416 neat

1454 4434 1495 4486 tor
1505 4449 1587 4499 peace.

427 4571 513 4622 ¹Thia
533 4578 641 4622 account
663 4569 693 4619 ot
706 4569 749 4619 the
768 4566 850 4618 burial
870 4565 899 4616 of
942 4566 1100 4618 Trokelovre.
1136 4567 1215 4631 Scep.
1230 4571 1285 4624 lea,
1295 4571 1360 4630 post.

396 4652 530 4709 (investes,
542 4651 597 4701 first
615 4657 641 4700 at
659 4649 765 4707 exford,
787 4647 847 4697 theu
870 4653 896 4696 at
975 4647 1109 4712 'repaique
1129 4645 1157 4696 in
1176 4645 1258 4711 erip,
1281 4645 1333 4694 and
1354 4644 1382 4694 in
1401 4642 1445 4696 the

395 4731 517 4796 langley,
528 4729 575 4780 has
586 4730 628 4779 the
639 4742 792 4793 appearance
810 4726 840 4775 ot
854 4726 895 4775 be·
943 4724 1044 4790 printed
1055 4732 1129 4776 texta

396 4809 461 4874 inga
471 4809 640 4861 combination
650 4809 681 4857 of
686 4808 729 4858 the
737 4806 863 4856 narrative
870 4805 901 4855 ot
976 4808 986 4835 ⁸
998 4805 1053 4856 The
1072 4803 1197 4856 narrative
1214 4804 1245 4855 οἰ
1257 4803 1405 4856 Trokelove
1424 4805 1446 4854 is

396 4888 545 4939 Trokelove
556 4887 618 4938 with
632 4887 688 4936 that
704 4886 734 4936 of
747 4884 896 4936 hierimuth.
943 4886 1037 4950 closely
1044 4885 1158 4937 followed
1164 4884 1338 4951 here3though
1347 4884 1447 4936 tholan-

396 4968 478 5020 There
495 4981 608 5033 appears,
623 4967 749 5028 however,
769 4973 795 5017 to
814 4967 846 5016 be
863 4980 896 5015 aa
943 4961 1445 5032 gingeisattimcaeomidcrablyvaried

401 5049 519 5100 omission
530 5049 558 5099 in
565 5049 609 5100 the
620 5055 727 5100 account
737 5062 764 5098 aa
775 5046 851 5113 given
862 5046 897 5109 by
