3750 6250
652 1051 816 1104 meroem
837 1051 1041 1103 susumus
1310 1035 1374 1100 233

270 1259 308 1312 21.
334 1246 353 1274 “
373 1241 476 1300 ¹etiem
493 1238 585 1298 vestri
609 1239 740 1297 absentie
757 1239 820 1295 sive
845 1238 1026 1302 famulatum,
1045 1234 1147 1292 villam
1164 1235 1375 1292 'l'ornaoenscm
1387 1248 1547 1301 A.D.1341.

334 1330 353 1358 ‘¹
372 1327 445 1384 elios
457 1342 568 1382 necnon
578 1325 700 1380 honores
719 1323 958 1395 quamplurimos,
974 1321 1108 1377 omisisse
1125 1337 1177 1376 nos
1195 1326 1329 1376 esserunt
1347 1327 1377 1376 ot

270 1394 304 1460 Ψ·
334 1414 354 1442 “
374 1411 533 1484 immuunt,
552 1409 661 1474 velitis,
687 1408 820 1472 Domine,
848 1407 874 1462 si
898 1406 1021 1478 pleceet,
1048 1404 1193 1476 proelatos,
1213 1411 1374 1475 magnetes,

334 1498 354 1525 ‘⁶
373 1500 517 1565 terreque
534 1492 655 1556 nobiles,
675 1491 726 1546 ubi
750 1509 816 1546 cum
834 1489 963 1561 prmletis
981 1506 1083 1543 secure
1101 1489 1253 1543 convenire
1271 1488 1377 1559 poteri-

335 1581 354 1609 “
373 1595 449 1643 mne,
468 1576 532 1634 loco
549 1575 724 1648 competenti
743 1590 931 1645 congregare,
951 1577 982 1627 et
998 1572 1030 1626 in
1047 1588 1172 1641 qnorum
1189 1572 1322 1626 menibus
1341 1571 1377 1625 eb

334 1660 459 1718 “initio
484 1675 599 1731 guerre
616 1662 731 1722 vestrae,
751 1657 834 1721 lance,
854 1655 976 1720 denerii,
995 1662 1026 1710 et
1050 1654 1108 1709 elie
1134 1671 1264 1725 quaeque,
1284 1671 1377 1724 usqne

333 1747 354 1776 ⁸⁸
373 1745 405 1802 in
422 1742 595 1800 hodiernum
617 1741 695 1796 diem
715 1740 799 1798 vobis
818 1757 963 1804 concesse,
985 1737 1172 1802 devenerunt,
1193 1738 1377 1808 qualiterque

333 1831 354 1858 ⁴⁴
373 1827 538 1884 ministrete
570 1826 698 1890 fuerunt,
728 1842 782 1896 per
813 1840 995 1894 quorumque
1018 1823 1164 1878 delectum
1188 1822 1377 1877 'fornacensis

334 1915 355 1941 ‘⁸
374 1911 477 1969 civitae
497 1927 554 1967 non
575 1909 705 1973 subacta,
728 1907 780 1964 sed
799 1908 898 1964 taliter
918 1908 1055 1963 extiterat
1070 1903 1200 1971 dimissa,
1221 1906 1378 1977 diligenter

335 1997 355 2025 '⁸
374 1994 531 2066 inquirere,
552 1999 591 2059 et,
603 1992 687 2048 velut
704 1991 838 2046 dominus
851 2009 953 2062 aquus
966 1996 996 2046 et
1003 1990 1111 2061 justus,
1126 1989 1284 2046 secundnm
1296 1989 1378 2060 leges

334 2081 355 2108 “
374 2083 469 2144 terre,
496 2083 584 2150 prout
609 2076 752 2132 demerita
776 2075 936 2147 exegerint,
964 2074 1123 2146 culpabiles
1148 2074 1302 2144 castigare.
1339 2073 1379 2128 Et

334 2165 355 2192 ‘¹
375 2168 516 2234 quantum
542 2179 595 2218 nos
627 2160 739 2225 attinet,
767 2158 880 2231 jndicio
908 2158 1024 2230 parium
1059 2163 1232 2223 nostrornm,
1265 2156 1378 2212 Sanctus

333 2249 354 2275 “
372 2244 513 2302 Ecclesiae
531 2248 610 2300 stetu
629 2261 663 2300 ec
681 2242 782 2298 ordine
800 2247 909 2307 nostro,
923 2242 996 2297 elias
1015 2242 1092 2298 sicut
1109 2259 1185 2312 saepe
1197 2241 1377 2313 scripsimus,

334 2332 354 2358 ‘⁸
374 2345 489 2401 semper
508 2327 607 2395 salvis,
630 2328 662 2382 in
680 2326 814 2382 omnibus
831 2344 884 2382 nos
896 2326 1068 2381 submittere
1080 2326 1173 2398 parati
1186 2343 1296 2381 sumus.
1334 2324 1379 2379 Do

333 2415 353 2442 ‘⁴
372 2413 456 2469 nobis
480 2411 588 2483 itaque,
613 2427 667 2467 nec
691 2410 757 2466 aliis
790 2415 876 2465 terrm
907 2414 1013 2465 vestrae
1036 2408 1189 2465 'fidelibus
1213 2427 1246 2465 ac
1269 2409 1378 2481 probis,

332 2497 353 2525 ‘⁴
372 2498 544 2570 prinsquam
574 2495 699 2551 veritas·
714 2499 915 2565 cognoscetur,
942 2494 1000 2549 nisi
1023 2493 1132 2548 bonnm
1155 2493 1283 2559 credere,
1308 2496 1380 2548 ⁸noo

333 2583 354 2608 '⁸
373 2578 546 2651 enjmquem
558 2578 644 2635 dictis
656 2577 743 2633 fidem
755 2577 902 2642 edhiberc,
915 2577 1023 2632 velitis.
1062 2577 1094 2632 Si
1108 2577 1185 2632 enim
1202 2584 1305 2648 gentes
1317 2578 1380 2632 sine

333 2665 354 2691 “
373 2680 521 2735 responso,
541 2662 667 2719 veritate
678 2661 749 2717 ⁴nec
760 2660 871 2732 agnita,
894 2661 1060 2731 punientur,
1081 2660 1218 2716 debonis
1237 2667 1267 2717 et
1283 2661 1379 2725 malis,

334 2749 354 2774 “
372 2745 431 2800 reis
452 2751 482 2801 et
500 2745 672 2809 insontibus,
695 2762 786 2799 unum
803 2744 950 2815 judicium
967 2745 1043 2799 foret
1062 2750 1091 2798 et
1109 2744 1196 2798 idern.
1242 2745 1380 2799 Inimicos

335 2831 355 2856 “
373 2827 512 2899 'insuper
533 2826 638 2883 Gelliae
659 2832 690 2882 et
710 2825 816 2882 Scotiae
837 2825 909 2882 adeo
933 2827 1022 2882 fortes
1047 2828 1185 2882 attentius
1209 2834 1380 2898 maturoque

335 2913 356 2939 “
375 2910 558 2967 considerare
571 2909 698 2975 curetis;
712 2910 738 2965 si
746 2910 825 2964 enim
833 2909 957 2981 praeleti,
971 2916 1132 2980 magnates,
1147 2928 1180 2965 ac
1192 2913 1282 2966 totius
1294 2918 1380 2966 terrm

334 2997 355 3023 ⁸‘
373 3000 479 3050 vostre
499 2994 653 3065 sepientes,
677 2993 724 3048 die
745 2993 904 3064 ‘nocteque
928 2993 991 3048 sine
1010 2992 1152 3048 divisione
1175 2992 1246 3049 ⁷sen
1270 2995 1380 3065 discop-

336 3079 356 3104 “
375 3077 493 3142 tatione,
519 3094 578 3131 une
600 3075 750 3132 voluntate
778 3077 874 3132 forent
897 3093 1026 3147 congrua
1050 3083 1080 3132 et
1103 3095 1232 3141 assensu,
1262 3079 1381 3149 negotio

336 3163 355 3189 ‘⁸
374 3166 481 3224 vestre,
504 3178 595 3232 supra
617 3159 736 3216 modum
760 3160 860 3224 ardue,
874 3160 999 3215 discrete
1018 3178 1052 3215 ae
1074 3160 1282 3231 circumspecte
1303 3161 1379 3215 ordi·

336 3246 356 3271 “
374 3243 471 3309 nendi,
497 3260 634 3316 guerram
659 3249 786 3299 vestram
813 3243 875 3315 jam
899 3244 1053 3315 inceptem,
1088 3244 1226 3299 honorem
1250 3252 1380 3299 vestrum

337 3330 356 3355 “
374 3333 520 3398 temaeqne
564 3328 755 3382 salvationem
786 3327 986 3391 conservandi,
1020 3328 1091 3383 satis
1121 3327 1268 3383 modicum
1299 3329 1380 3383 8Γοτο

336 3412 355 3438 “
374 3410 531 3465 videretur.
577 3410 641 3465 Noc
668 3410 751 3465 vobis
775 3410 938 3481 displiceat,
964 3410 1088 3465 Domine
1112 3412 1278 3475 reverende,
1304 3412 1381 3483 quod

336 3492 529 3549 “veritatem
552 3493 633 3548 vobis
655 3492 829 3564 simpliciter
850 3493 892 3549 sic
910 3495 1055 3549 mittimus
1068 3501 1098 3549 ct
1109 3511 1220 3564 grosse.
1257 3493 1381 3551 Affectio

335 3576 355 3603 ‘¹
374 3573 471 3630 'enim
482 3593 589 3646 magne
601 3593 689 3647 quarn
707 3593 779 3647 erga
796 3594 848 3632 vos
860 3577 1010 3642 hebemus,
1030 3578 1193 3643 habuimus,
1215 3585 1245 3633 et
1257 3596 1380 3651 semper,

336 3660 355 3685 “
374 3656 437 3713 Deo
450 3664 577 3723 auctore,
590 3658 771 3722 habebimus,
785 3660 902 3714 honoris
918 3661 1010 3715 vcstri
1031 3678 1065 3715 oc
1084 3668 1171 3716 terme
1190 3664 1380 3728 conservatio,

335 3743 355 3769 ‘⁶
374 3746 413 3807 et,
427 3758 593 3812 quanquam
612 3742 736 3812 indigui,
751 3743 866 3797 Primos
878 3750 976 3798 tamen
988 3745 1077 3799 totins
1090 3745 1206 3817 Angliae
1218 3746 1380 3811 existimus

335 3826 355 3852 ‘⁸
373 3830 404 3881 et
423 3831 507 3897 peter
527 3831 625 3881 vester
644 3826 816 3896 spiritualis,
841 3827 967 3882 excitare
988 3846 1040 3884 vos
1061 3828 1230 3893 dinoscitur,
1253 3831 1383 3901 pericula

336 3910 355 3935 “
374 3908 479 3964 enimae
491 3916 597 3965 vestroe
614 3927 648 3964 ae
666 3915 760 3965 status
779 3910 988 3966 detrimentum
1008 3911 1028 3943 ¹⁰
1036 3912 1220 3978 denunciare,
1234 3915 1380 3979 mandore,

336 3994 356 4019 ‘³
374 4010 409 4048 ec
440 3993 616 4064 praemunire
649 4010 715 4050 cum
749 3993 862 4048 effectu.
914 3993 1042 4065 Spiritus
1077 3995 1209 4062 Sanctus,
1247 3998 1379 4061 Domino,

335 4077 355 4103 “
373 4092 479 4147 eorpus
500 4075 657 4132 uvestrum
681 4083 711 4131 ct
731 4077 861 4132 animum
879 4077 973 4134 salvet
990 4081 1185 4145 etcustodiat,
1199 4082 1381 4152 gratiamque

335 4161 357 4189 ‘⁸
373 4159 482 4217 bonnm
501 4159 655 4217 eonsilium
676 4159 801 4215 habendi
820 4166 850 4217 et
871 4179 983 4227 senum,
1004 4181 1037 4219 ac
1057 4164 1203 4229 credendi,
1229 4165 1381 4221 victoriam

367 4514 374 4544 ¹
387 4512 499 4565 Omitted
509 4514 536 4565 in
548 4515 619 4566 Harl.
633 4521 688 4567 655.
911 4521 1056 4585 ‘corticea
1067 4524 1139 4574 llarl.
1152 4529 1208 4574 655.

364 4594 375 4625 ¹
384 4591 501 4659 leyelibae
512 4611 550 4655 ue,
561 4594 633 4645 Harl.
646 4601 703 4646 555.
912 4600 921 4626 ⁷
933 4596 1019 4662 aliqua
1029 4618 1079 4661 eea,
1091 4602 1162 4651 Harl.
1175 4607 1231 4652 555.

365 4674 375 4703 ¹
386 4671 425 4722 oe!
435 4674 507 4723 αἰαιι
518 4674 642 4739 cujusque,
654 4676 727 4728 IIurl.
741 4685 798 4731 655.
911 4677 995 4741 'soret
1005 4687 1030 4730 et
1039 4680 1107 4741 erile,
1118 4681 1190 4732 Harl.
1203 4687 1258 4732 655.

367 4752 425 4811 ‘aa
437 4751 509 4803 Harl.
523 4757 579 4804 655.
911 4756 1054 4819 'obvim
1066 4760 1137 4810 Harl.
1150 4766 1207 4811 655.

366 4828 502 4895 ἐἰῃίἅιιι
522 4840 615 4883 mooe
639 4832 737 4896 Gallio,
757 4836 831 4888 Ilarl.
913 4836 931 4864 '⁰
944 4834 1022 4885 dicere
1036 4837 1134 4900 Gellio,
1146 4840 1218 4892 Harl.
1231 4847 1287 4894 655.

337 4912 392 4963 eet.
914 4914 930 4947 ¹¹
944 4916 1054 4969 Omitted
1065 4917 1092 4969 iu
1104 4919 1175 4971 llerl.
1185 4926 1242 4971 655.
