3750 6250
639 1111 1031 1164 n1sron1ssnoc1osna
1312 1097 1375 1160 259

288 1409 300 1460 t
330 1397 486 1486 Epistola
522 1397 610 1485 Regi
649 1397 822 1464 Edteerdo
858 1419 923 1484 pro
967 1395 1214 1463 cardinalibus
1254 1395 1378 1483 quibas

415 1499 631 1590 provisiones
657 1500 762 1587 price
788 1500 923 1586 fecerat,
960 1498 1109 1586 expulsis
1132 1497 1270 1565 deruis
1295 1521 1377 1587 pro·

419 1602 622 1684 visionibus,
648 1602 820 1670 ¹Dorae'ae‘
841 1603 948 1688 Papa
979 1601 1116 1668 sitrecte.

368 1755 536 1811 “Clemens
563 1756 735 1828 Episcopus,
770 1772 872 1809 servus
903 1771 1054 1809 serrorum
1081 1754 1146 1818 Dei,
1173 1754 1324 1810 carissimo
1349 1754 1460 1810 inan.
1475 1760 1546 1806 1343.

332 1843 351 1867 “
372 1840 490 1896 Christo
503 1840 571 1905 filio,
586 1841 711 1895 Domino
729 1839 882 1902 Edwarda
904 1835 994 1909 [Regi
1018 1837 1135 1909 Angliar
1158 1838 1279 1904 illustri,
1302 1839 1378 1894 salu·
1392 1821 1519 1871 1⁴⁰stin

333 1927 352 1951 ‘¹
372 1930 432 1981 tem
443 1932 474 1981 et
484 1925 683 1997 Apostolicam
699 1919 954 1993 benedictionem]
991 1921 1110 1977 Dudum
1121 1930 1188 1993 post
1205 1922 1380 1979 creationem
1392 1889 1462 2004 ἓξὲξ
1472 1887 1531 2004 gif

334 2011 354 2035 ‘⁸
373 2006 549 2079 ²[nevorum
568 2009 766 2064 sacrosanctae
779 2007 917 2061 Romanae
929 2006 1070 2061 Ecclesiae
1083 2005 1292 2072 cardinalium,
1313 2025 1378 2079 pro·
1393 2028 1419 2070 ιο
1430 1993 1521 2084 ffing'

334 2096 354 2121 ‘⁴
372 2093 442 2149 vida
459 2101 489 2149 et
505 2099 621 2149 matura
639 2091 846 2146 deliberatione
858 2091 968 2162 praevia
985 2108 1038 2162 per
1056 2109 1108 2146 nos
1121 2091 1207 2156 faeta,
1221 2092 1379 2147 honoribus
1392 2088 1509 2146 reward,
1519 2087 1547 2137 in

334 2179 354 2204 ‘⁴
373 2177 428 2232 Dei
442 2184 471 2233 et
483 2177 622 2232 Ecclesiae
635 2195 695 2231 sum
708 2182 824 2240 sanctae,
838 2194 871 2230 ae
885 2175 1004 2230 utilitati
1024 2176 1201 2246 reipublicae,
1216 2176 1377 2240 convenire,
1392 2154 1482 2250 bahali
1493 2155 1524 2204 οἲ

335 2262 354 2286 “
373 2259 451 2331 quod
463 2260 632 2316 cardinales
646 2260 701 2330 ipsi
716 2259 766 2330 qui
779 2276 866 2329 super
879 2258 1064 2329 expediendis
1076 2259 1203 2329 negotiis
1216 2260 1252 2313 ad
1265 2258 1380 2313 alveum
1392 2221 1547 2336 Effassdgho

334 2346 354 2371 “
373 2343 548 2415 Apostolieae
568 2343 652 2399 Sedis
671 2343 799 2413 undique
818 2342 1029 2397 confluentibus
1047 2343 1197 2398 nobiseum
1220 2343 1334 2397 labores
1351 2349 1381 2396 et
1393 2354 1443 2402 had
1454 2356 1516 2404 been

334 2426 354 2450 ‘⁴
373 2440 461 2478 onera
471 2423 645 2496 partiuntur,
660 2429 691 2477 et
701 2422 822 2476 haberet
839 2439 966 2493 congrue
980 2422 1055 2477 unde
1075 2423 1135 2477 suis
1154 2422 1265 2478 valeret
1281 2441 1379 2478 neces·
1392 2420 1553 2499 deprivedflf

334 2510 353 2534 “
373 2508 517 2571 sitatibus,
538 2508 697 2562 secundum
717 2513 809 2560 slatus
823 2506 868 2559 sui
881 2505 1042 2560 decentiam
1055 2507 1216 2577 providere.
1255 2507 1380 2561 Demum
1391 2487 1434 2564 tce
1446 2502 1530 2550 pm·

335 2595 354 2618 “
374 2591 544 2663 excogitatis
557 2592 615 2645 viis
628 2595 658 2644 ot
669 2590 763 2644 modis
775 2590 876 2654 licitis,
890 2590 997 2659 quibus
1010 2590 1119 2661 absquo
1138 2591 1243 2646 minori
1262 2591 1379 2646 ecclesi·
1393 2556 1534 2671 {gntffle

334 2679 353 2703 “
373 2694 456 2730 arum
474 2685 504 2730 et
521 2693 710 2746 personarum
737 2674 1000 2728 ecclesiasticarum
1026 2676 1195 2744 gravamine
1213 2676 1381 2747 hujusmodi
1514 2658 1520 2673 ⁸

335 2763 354 2787 ‘⁴
372 2760 500 2831 provisio
531 2759 615 2830 sequi
649 2765 748 2829 posset
782 2758 817 2811 de
848 2758 997 2812 beneficiis
1023 2759 1229 2815 ecelesiasticis
1256 2770 1325 2816 tunc
1351 2762 1382 2814 in

335 2849 354 2872 ‘⁴
374 2844 498 2898 diversis
517 2843 616 2914 regnis
635 2842 815 2913 inpartibus
834 2841 1063 2897 Christianitatis
1087 2846 1266 2908 vacantibus,
1296 2851 1326 2900 et
1352 2846 1384 2898 in

336 2932 459 2982 “antea
486 2927 644 2990 vacaturis,
675 2944 768 2996 usqne
796 2926 832 2980 ad
860 2932 970 2980 ceriam
998 2945 1151 2992 summam,
1178 2946 1230 2999 pro
1257 2929 1383 2998 singulis

336 3017 354 3039 ‘⁴
374 3012 530 3067 eonmdem
547 3028 688 3065 novorum
701 3010 910 3073 cardinalium,
925 3017 956 3065 et
968 3011 1022 3064 sub
1034 3013 1122 3066 certis
1141 3013 1241 3066 formis
1261 3020 1290 3066 et
1307 3013 1384 3065 lirni-

337 3101 355 3125 “
374 3096 532 3153 tationibus
551 3095 680 3167 prietatis
699 3094 903 3151 cardinalibus
922 3094 1068 3150 distinctis
1085 3096 1137 3159 eis,
1151 3101 1238 3167 prout
1250 3094 1384 3167 expedire

337 3190 356 3209 ‘⁸
374 3182 511 3246 vidimus,
531 3181 700 3251 provinciis,
720 3181 831 3251 gratias
850 3181 973 3234 fecimus
992 3181 1142 3251 speciales.
1181 3180 1257 3236 cum
1285 3187 1383 3234 autern

336 3269 355 3293 “
374 3265 487 3320 duobus
505 3282 540 3319 ox
558 3266 600 3319 eis
620 3264 736 3319 Ducatu
753 3263 920 3334 Aquitaniae
939 3264 1081 3329 oriundis,
1107 3264 1246 3319 videlieet
1267 3264 1382 3318 dilectis

336 3354 355 3377 “
375 3350 443 3403 filiis
461 3349 569 3404 nostris
588 3349 743 3410 Adamaro‚
763 3348 850 3403 titulo
870 3348 984 3403 Sanctae
1003 3349 1177 3412 Anastasia,
1197 3354 1228 3403 et
1246 3347 1382 3412 coralite,

337 3438 356 3461 “
375 3434 461 3489 titulo
489 3433 603 3489 sancta
630 3433 754 3497 Sabina,
775 3433 960 3503 Presbyteris
980 3431 1193 3496 Cardinalibus,
1221 3432 1258 3487 de
1282 3433 1383 3504 hujus-

337 3521 356 3546 ¹‘
375 3517 453 3572 modi
471 3518 619 3572 beneficiis
638 3518 669 3571 in
686 3535 777 3586 regno
796 3523 826 3571 ot
843 3517 930 3571 terris
949 3517 1017 3581 tuis,
1038 3517 1079 3571 fili
1098 3517 1257 3582 carissime,
1276 3519 1384 3572 consis-

338 3606 356 3630 ‘'
376 3602 504 3658 tentibus
523 3603 665 3657 informa
694 3619 746 3672 pro
772 3601 845 3672 ipsis
864 3606 894 3655 et
911 3601 978 3655 aliis
1005 3601 1152 3671 praedictis
1180 3601 1384 3656 cardinalibus

337 3689 356 3714 ‘¹
376 3705 442 3743 oum
461 3705 567 3757 magna
585 3685 791 3739 deliberatione
804 3685 918 3739 consilii
931 3685 1072 3749 ordinata,
1087 3686 1197 3755 gratias
1216 3685 1384 3757 hujusmodi

337 3774 356 3797 ⁸¹
375 3769 589 3843 providerimus
608 3769 764 3833 faciendas
784 3769 899 3839 ipsique
918 3786 971 3838 pro
990 3768 1032 3822 eis
1051 3768 1262 3840 consequendis
1279 3771 1384 3840 gratiis

337 3858 356 3882 ‘⁴
376 3861 470 3909 certos
507 3860 708 3925 procuratores
746 3858 776 3907 et
811 3852 931 3906 nuncios
960 3870 1028 3907 suos
1056 3853 1277 3918 ecclesiasticos,
1306 3855 1384 3908 viros

337 3942 356 3966 “
376 3939 489 3994 scilicet
506 3938 663 4009 prudentes
682 3942 712 3991 et
729 3935 883 4000 litteratos,
904 3936 941 3991 ad
959 3943 1057 4007 partes
1083 3938 1168 4008 regni
1196 3939 1240 3992 tui
1268 3938 1384 4009 Anglire

338 4028 356 4050 “
376 4022 564 4086 destinarent,
584 4022 640 4093 ipsi
659 4027 861 4093 procuratores
875 4021 1014 4075 etnuneii
1034 4027 1188 4092 postquam
1207 4022 1244 4076 ad
1262 4041 1385 4092 regnum

339 4110 358 4134 ¹‘
377 4106 578 4177 pervenientes
596 4105 778 4175 praedictum,
798 4105 969 4174 inceperunt
987 4104 1095 4158 ibidem
1114 4106 1297 4160 dominorum
1316 4124 1381 4159 suo·

339 4193 358 4216 “
377 4209 443 4244 rurn
461 4190 667 4260 praedictorum
684 4188 802 4259 negotia
820 4188 958 4258 prosequi
972 4190 1147 4259 supradicta,
1167 4208 1220 4261 per
1238 4196 1340 4259 gentes
1357 4194 1387 4242 et

339 4273 513 4327 “officiales
543 4273 640 4343 regios
670 4289 728 4326 non
755 4271 850 4326 solum
880 4271 1013 4342 impediti
1039 4290 1126 4342 snper
1152 4274 1204 4336 eis,
1225 4273 1386 4343 quinimmo

339 4360 358 4383 “
377 4356 526 4427 captivati,
547 4363 577 4410 et
594 4355 712 4410 tandem
730 4354 766 4409 de
784 4372 875 4425 regno
894 4355 1034 4425 praedicto
1053 4355 1165 4427 expulsi
1178 4373 1245 4409 cum
1263 4356 1387 4423 ignomi-

339 4444 357 4466 '‘
376 4440 434 4504 nia,
465 4440 542 4495 sieut
571 4440 685 4493 infestis
710 4439 798 4493 nimis
828 4438 970 4493 relatibus
996 4440 1189 4510 percepimus
1219 4439 1386 4493 extiterunt.

339 4526 357 4550 '‘
377 4522 521 4587 Proiecto,
541 4523 583 4576 fili
601 4522 798 4587 dilectissime,
820 4523 846 4577 si
863 4523 1022 4592 praemissa,
1050 4541 1114 4592 quar
1142 4522 1177 4576 de
1195 4524 1388 4593 procuratori-

339 4609 358 4634 “
377 4607 432 4662 bus
450 4607 598 4677 predictis
622 4607 835 4678 praemittimus,
855 4607 978 4661 veritate
999 4605 1131 4660 nituntur
1156 4612 1275 4673 attenta,
1305 4608 1389 4663 devo·

375 4900 451 4952 'The
470 4902 553 4951 words
574 4901 677 4951 Donati
698 4901 776 4966 Papa
799 4916 841 4952 are
886 4901 972 4950 Letter
979 4900 1001 4950 is
1010 4901 1113 4951 omitted
1121 4901 1149 4950 in
1159 4902 1200 4952 the
1209 4902 1324 4954 Anrndel
1332 4905 1389 4956 MS.

342 4981 445 5032 omitted
457 4982 484 5030 in
496 4981 539 5032 the
547 4981 646 5045 printed
656 4987 730 5032 texts.
887 4982 938 5031 and
950 4981 972 5029 is
982 4980 1042 5031 here
1054 4982 1168 5046 supplied
1179 4982 1244 5033 l‘rom
1253 4984 1309 5036 ΜΒ.
1321 4985 1388 5034 bibl.

375 5061 453 5111 'The
472 5059 615 5125 remaining
628 5059 728 5123 portion
745 5060 776 5110 of
791 5059 841 5111 this
888 5060 950 5126 Reg.
962 5066 992 5110 13
1004 5060 1034 5110 E.
1046 5061 1081 5111 ix.

1190 5146 1258 5207 at
