3750 6250
704 1103 868 1156 stamen
890 1106 1097 1159 sesamam.
1357 1101 1420 1163 385

286 1291 350 1344 Bibl.
378 1276 487 1347 gaudet
509 1278 541 1333 in
564 1279 713 1349 perieulis,
739 1287 770 1336 et
792 1281 933 1337 Ecolesiae
956 1282 1074 1339 latetur
1102 1283 1368 1354 perturbationibus
1392 1282 1502 1343 etAJ).
1517 1288 1587 1339 leta.

288 1364 319 1408 1³
377 1361 524 1431 procellis,
546 1363 664 1418 inimico
681 1364 799 1419 homine
817 1367 869 1436 qui
886 1366 962 1422 solet
985 1384 1059 1439 puro
1074 1368 1173 1423 tritico
1190 1370 1421 1440 superseminare

286 1463 289 1473 Δ
377 1445 528 1510 zizaniam,
565 1448 651 1502 multi
687 1448 800 1504 seducti
835 1450 967 1521 ipsarum
1003 1450 1200 1507 doctrinarum
1230 1445 1422 1524 sequerentur

377 1545 500 1593 errores,
520 1530 552 1584 in
569 1530 661 1595 brevi,
681 1549 717 1586 ex
734 1532 888 1603 discipulis
906 1534 976 1589 facti
994 1536 1139 1606 magistri,
1165 1542 1265 1607 utpote
1289 1544 1420 1607 potentes

377 1610 556 1668 Francorum
581 1632 649 1669 cum
673 1615 738 1686 ipso
765 1632 866 1671 eorum
891 1617 984 1688 Rege,
1010 1623 1041 1674 et
1064 1618 1131 1674 aliis
1159 1620 1209 1689 qni
1235 1638 1293 1675 non
1316 1639 1420 1692 parurn

377 1694 568 1752 ¹navicellam
585 1698 677 1765 Petri,
698 1717 833 1771 sponsam
848 1700 969 1766 Christi,
989 1708 1113 1757 matrem
1131 1702 1291 1759 Christiani
1308 1706 1418 1777 populi,

375 1781 592 1850 perturbarunt.
629 1783 696 1839 Hoc
718 1784 814 1848 modo,
843 1785 905 1840 suis
934 1786 1079 1841 ministris
1108 1786 1190 1841 mille
1218 1788 1324 1842 artifex
1353 1789 1416 1843 vias

375 1864 513 1933 providit,
527 1884 585 1936 qua
596 1865 776 1921 desiderium
793 1885 895 1922 eornm
912 1869 1013 1924 attulit
1030 1870 1082 1935 eis,
1096 1875 1127 1925 et
1138 1887 1195 1925 non
1213 1877 1282 1925 sunt
1293 1870 1419 1925 fraudati

375 1962 394 1999 a
410 1947 556 2004 desiderio
581 1967 645 2015 suo,
670 1950 775 2005 saltem
798 1969 852 2023 pro
875 1958 1008 2025 tempore
1032 1970 1089 2024 quo
1117 1972 1239 2025 sponsus
1269 1954 1418 2018 Eoclesiae,

376 2027 519 2097 Christus,
548 2033 631 2088 Petri
654 2034 820 2091 naviculam
845 2035 924 2091 inter
949 2042 993 2093 tot
1017 2037 1159 2094 fluctuum
1185 2038 1417 2109 perturbationes

374 2114 481 2183 agitari
498 2116 642 2187 permisit.

399 2335 586 2425 Responsio
608 2338 858 2427 episcopans
882 2338 1135 2409 Catholioornm
1155 2340 1203 2407 ad
1224 2339 1393 2409 Litteram

701 2439 1114 2509 Parada-deioobiart

411 2567 576 2624 “Universi
596 2568 707 2625 Christi
725 2569 837 2634 fideles,
858 2587 911 2624 suo
930 2573 1115 2625 sacrosancto
1140 2568 1307 2625 charactere
1325 2569 1416 2640 insig-
1429 2575 1554 2625 Letterol

374 2655 392 2677 “
412 2652 467 2707 niti
486 2671 573 2724 super
590 2653 703 2707 firmam
721 2659 834 2724 petram
852 2653 919 2708 fidei
942 2654 984 2708 sic
1006 2653 1129 2717 fundati,
1155 2659 1189 2707 ut
1211 2659 1416 2709 manutenente
1429 2641 1471 2690 2¹12
1483 2658 1539 2707 ΜΨ·

374 2739 391 2759 “
412 2735 545 2801 Domino,
582 2743 612 2792 et
642 2744 749 2792 nostrae
775 2743 881 2792 sanetae
909 2736 977 2791 fidei
1004 2737 1145 2808 irrigante
1171 2738 1309 2802 radicem,
1335 2738 1416 2792 nullo
1428 2711 1564 2838 1ᾞὲΜῖ

374 2823 392 2843 ‘⁸
412 2820 527 2873 turbine
556 2819 701 2875 haereticee
732 2838 784 2876 seu
815 2820 1007 2879 schismaticae
1036 2820 1242 2891 persuasionis,
1277 2822 1416 2894 extirpari
1430 2842 1516 2891 Urba„
1529 2844 1576 2894 pp,

374 2905 392 2927 ‘⁸
412 2903 581 2973 poterimus,
602 2909 653 2959 aut
670 2905 772 2968 everti,
791 2903 918 2959 Johanni
936 2904 1080 2975 Episcopo
1098 2904 1288 2971 Praenestino,
1308 2904 1416 2960 ’Gillo-

374 2990 392 3012 “
412 2986 475 3040 rino
492 2987 579 3042 titulo
599 2986 699 3043 Sancti
715 2987 856 3060 Stephani
873 2987 905 3042 in
920 2986 1013 3043 Coelio
1031 2987 1141 3052 Monte,
1158 2994 1225 3053 etc,
1244 3007 1311 3053 non,
1331 2998 1418 3060 prout

374 3073 392 3095 ‘¹
411 3070 494 3125 nobis
513 3070 651 3138 scribitis,
671 3071 857 3128 miseratione
875 3069 975 3127 divina
994 3070 1107 3127 Sancta
1125 3070 1264 3127 Romanae
1276 3071 1417 3128 Ecclesiae
1514 3066 1516 3069 ’

374 3158 392 3180 “
413 3153 625 3221 Cardinalihus,
645 3156 743 3221 immo,
759 3173 847 3226 super
859 3173 910 3210 vos
922 3154 1125 3210 maledictione
1143 3155 1324 3222 fulminante,
1338 3156 1416 3227 lupis

373 3241 392 3264 ‘¹
412 3239 619 3310 rapacissimis,
645 3239 735 3295 totius
755 3240 856 3312 gregia
876 3238 988 3294 Christi
1006 3238 1199 3305 invasoribus,
1220 3259 1254 3296 ac
1278 3239 1415 3312 vulpibus

374 3324 392 3348 “
412 3322 620 3387 callidissimis,
640 3323 755 3377 vineam
774 3321 891 3377 Domini
911 3321 1038 3377 Sabaoth
1062 3321 1245 3394 cupientibus
1271 3323 1414 3387 demoliri,

374 3409 392 3430 ‘¹
411 3424 469 3460 non
487 3407 611 3462 salutem
629 3407 681 3463 sed
698 3405 878 3477 languorem,
898 3423 956 3460 non
974 3405 1115 3477 gaudium
1134 3405 1186 3461 sed
1203 3424 1367 3471 maerorem,
1388 3413 1417 3460 et

374 3492 392 3514 ‘⁴
414 3489 506 3556 indui,
533 3491 610 3547 siout
636 3489 792 3562 ³diploide,
813 3489 981 3546 consuamus
1006 3496 1113 3546 vestra.
1155 3490 1251 3545 'l'enor
1274 3490 1417 3562 insipidus

374 3577 392 3598 “
411 3573 577 3629 litterarum
595 3579 768 3639 vestrarum,
783 3593 865 3645 quas,
885 3574 1044 3644 instigante
1062 3572 1186 3639 diaholo,
1200 3592 1253 3646 per
1270 3592 1369 3630 omnes
1388 3581 1418 3629 et

373 3661 391 3682 ‘¹
412 3657 543 3729 singulas
563 3657 791 3714 Christianitatis
810 3656 975 3728 provincias
993 3663 1102 3713 temere
1127 3657 1303 3724 destinastis,
1331 3658 1418 3712 eorda

373 3743 392 3766 ‘⁴
413 3745 443 3796 et
460 3741 564 3796 intima
582 3760 705 3813 quaeque
723 3748 822 3797 nostra
840 3741 992 3806 sauciavit,
1011 3759 1070 3796 non
1087 3741 1207 3812 inquam
1225 3742 1292 3797 fidei
1310 3748 1417 3797 nostrae

372 3826 391 3849 “
411 3822 538 3889 laesione,
552 3826 605 3880 sed
616 3826 666 3898 pia
676 3825 772 3881 cordis
784 3824 992 3896 compassione,
1006 3824 1042 3878 de
1054 3829 1115 3879 tam
1126 3824 1270 3879 horrendo
1283 3825 1417 3880 scandalo

373 3910 391 3933 ‘¹
411 3907 442 3961 in
465 3906 599 3964 Ecclesia
623 3908 730 3965 Sancta
753 3909 809 3963 Dei
826 3908 940 3964 noviter
965 3908 1121 3975 suscitato;
1146 3915 1336 3965 veruntamen
1354 3909 1416 3963 ⁴var

372 3994 391 4017 ‘¹
410 3991 493 4047 vobis
518 4011 571 4065 per
595 4011 667 4064 quos
694 3991 862 4049 scandalum
882 3991 980 4048 venitl
1028 3991 1107 4048 Nam
1133 3992 1242 4065 pallide
1266 3993 1343 4047 sacta
1372 3998 1418 4046 est

373 4075 515 4132 “Matris
540 4077 681 4133 Ecclesia
706 4075 852 4149 ⁸[iaeies],
884 4075 995 4149 pallore
1025 4094 1129 4149 nempe
1158 4077 1331 4145 turbationis
1362 4076 1415 4130 im·

372 4163 391 4186 ‘⁸
411 4179 527 4227 mensae,
547 4166 577 4216 ot
594 4179 629 4216 ex
648 4180 745 4217 errore
764 4160 907 4216 scelerum
924 4166 1090 4216 vestrorum
1108 4161 1257 4216 asseculis
1276 4158 1414 4220 inaudito,

372 4247 392 4270 ‘⁴
411 4244 462 4314 qui
481 4244 679 4318 ⁶putabamini
698 4262 762 4302 esse
780 4243 856 4316 legis
875 4243 1068 4310 aemulatores,
1094 4243 1147 4299 sed
1170 4244 1240 4299 estis
1268 4241 1414 4312 sacrilegi.

373 4328 513 4383 “Rubor
535 4329 718 4385 verecundia
742 4328 889 4383 interdum
916 4329 1129 4400 conspergitur,
1157 4328 1227 4382 dum
1251 4344 1285 4380 ex
1308 4327 1415 4381 vestris

373 4417 391 4438 ‘⁶
410 4413 523 4469 actibus
542 4413 719 4469 scandalosis
747 4413 817 4467 fines
845 4413 935 4467 totius
963 4411 1192 4468 Christianitatis
1217 4415 1352 4465 uruntur.
1390 4409 1414 4465 Ο

372 4499 392 4522 “
410 4503 509 4554 vestra
534 4497 715 4554 detestabilis
746 4502 776 4552 et
792 4494 899 4551 ⁷infide
925 4496 1028 4550 infelix
1054 4495 1183 4561 ambitio,
1211 4495 1261 4564 qui
1287 4493 1415 4550 tunicam

577 4642 655 4649 .-

403 4721 410 4750 ¹
423 4719 560 4770 archatum
570 4721 597 4770 in
608 4721 650 4772 the
661 4720 760 4785 printed
772 4724 845 4770 texta
917 4716 984 4768 Bibl.
996 4719 1059 4782 Reg.
1074 4722 1104 4767 13
1115 4716 1146 4768 E.
1157 4715 1193 4766 im
1206 4717 1256 4767 eud
1266 4716 1309 4767 the
1316 4715 1416 4781 printed

402 4801 412 4830 ²
425 4797 544 4849 Gaiano
554 4800 582 4848 in
593 4800 636 4850 the
647 4799 747 4864 printed
760 4805 836 4849 texts,
917 4805 992 4849 texts.

402 4877 818 4944 ¹aparaaaepsnaeaxa.
951 4876 1121 4942 rpuaasmas
1148 4876 1175 4926 a
1203 4863 1346 4942 osgar
1373 4877 1415 4928 the

402 4957 490 5008 *dein
501 4959 545 5009 the
555 4959 655 5024 printed
665 4965 740 5010 texts.
918 4955 1018 5022 printed
1029 4962 1102 5005 texts.

402 5038 661 5104 ‘Omittedinorig3
677 5036 793 5103 supplied
804 5037 870 5087 hom
952 5033 1176 5088 'Omittedinthe
1187 5034 1287 5100 printed
1298 5041 1372 5088 texts.
