3750 6250
484 1094 528 1156 42
810 1105 942 1156 rnorem
964 1102 1198 1156 wammam

313 1290 382 1343 Al).
397 1297 469 1345 1292,
481 1291 614 1365 praedicti
632 1290 750 1347 Domini
769 1290 860 1364 Regis
877 1292 1004 1363 Angliaa,
1030 1298 1060 1347 et
1083 1286 1241 1364 superioris
1265 1290 1375 1346 domini
1400 1289 1526 1358 Soetioe3
1540 1301 1565 1353 R
1684 1344 1690 1358 ,

481 1383 512 1433 ot
535 1377 645 1432 dietum
665 1377 722 1431 fuit
746 1378 788 1431 cis
815 1394 867 1447 per
893 1376 1056 1432 Consilium
1080 1376 1151 1431 dieti
1176 1375 1292 1430 Domini
1321 1375 1422 1446 Regis,
1449 1375 1529 1446 quod
1541 1372 1634 1425 lis-B

482 1460 662 1515 declararent
686 1461 837 1515 manifesto
855 1460 998 1515 actionem
1023 1459 1140 1514 Domini
1164 1459 1256 1530 Regis
1279 1459 1456 1530 Norwagioe,
1475 1439 1651 1557 perlrfffffi¹⁸

482 1562 570 1615 quam
590 1543 743 1598 intendunt
759 1561 930 1615 recuperare
949 1559 1073 1613 regnum
1091 1543 1196 1598 Sootiai
1208 1542 1406 1615 tanquamjns
1418 1542 1531 1598 demini
1615 1546 1623 1559 ‘

482 1628 538 1682 sui.
588 1628 644 1696 Qui
675 1626 793 1698 quidem
820 1626 957 1681 attornati
982 1626 1194 1698 responderunt
1219 1632 1250 1682 et
1278 1627 1422 1691 dixerunt,
1452 1625 1532 1696 qaod

482 1711 637 1766 voluerunt
653 1712 735 1782 prius
754 1710 860 1765 habere
886 1709 1063 1781 colloquium
1088 1728 1156 1766 oum
1173 1710 1312 1782 prmdioto
1330 1710 1447 1766 domino
1466 1728 1529 1775 suo,

483 1795 564 1865 Rege
582 1794 757 1864 Norwagim,
777 1800 807 1848 et
825 1794 921 1865 ipsum
941 1811 1029 1864 super
1045 1795 1158 1849 actione
1176 1801 1208 1850 et
1223 1794 1364 1867 petitione
1381 1793 1531 1866 praedietis

482 1879 642 1945 consulere,
669 1886 823 1949 antequam
849 1877 973 1933 ulterius
998 1885 1251 1949 prosequerentur.
1295 1879 1335 1934 Et
1360 1879 1531 1934 multotiens

483 1964 628 2033 requisiti,
661 1961 738 2033 quod
774 1961 944 2032 petitionem
979 1963 1095 2032 praelati
1130 1962 1240 2017 domini
1270 1963 1317 2018 sui
1346 1963 1532 2018 manifestias

483 2046 672 2109 declararent,
684 2044 800 2100 tandem
809 2044 945 2099 dixerunt
953 2045 1084 2116 praecise,
1096 2045 1174 2116 qued
1182 2044 1360 2117 ¹petitionem
1370 2044 1531 2117 supradioti

483 2130 592 2185 domini
614 2131 659 2185 sui
678 2129 833 2202 noluerunt
856 2128 1013 2194 declarare,
1035 2147 1089 2185 noo
1112 2130 1236 2186 ulterius
1261 2147 1348 2202 saper
1371 2131 1427 2185 hoo
1450 2129 1533 2186 aliud

483 2214 589 2278 dicere,
615 2222 769 2284 antequam
794 2212 918 2267 eundem
942 2213 1091 2268 dominum
1115 2232 1199 2269 suum
1224 2215 1349 2270 consulti
1373 2214 1485 2269 suerint
1501 2215 1533 2268 in

483 2299 652 2369 praemissis.
680 2297 749 2351 Ideo
761 2296 846 2351 datus
859 2297 955 2351 osteis
968 2296 1030 2352 dies
1043 2297 1079 2351 de
1090 2297 1138 2352 die
1150 2298 1181 2352 in
1193 2297 1270 2352 diem
1283 2315 1380 2353 coram
1391 2297 1533 2370 predicto

484 2382 608 2436 Domino
627 2382 707 2450 Rege
726 2379 852 2450 Angliie,
870 2382 1019 2451 superiore
1037 2380 1153 2434 domino
1172 2381 1242 2436 dicti
1261 2382 1345 2451 regni
1365 2381 1481 2447 Scotiae,
1495 2381 1533 2436 ad

484 2465 658 2521 audiendum
684 2463 829 2534 judicium
860 2481 946 2517 suum
975 2464 1011 2517 de
1041 2481 1084 2528 eo,
1117 2463 1195 2534 quod
1223 2465 1378 2521 noluerunt
1406 2465 1533 2521 ulterius

483 2550 620 2621 prosequi
638 2548 807 2619 petitionem
819 2546 927 2600 domini
947 2548 993 2601 sui
1010 2547 1152 2618 predicti.

319 2656 393 2707 Μ
520 2634 627 2703 Igitur,
659 2639 725 2703 post
754 2630 924 2701 diligentem
954 2632 1043 2701 hujus
1072 2633 1183 2703 negotii
1214 2632 1426 2691 discussionem
1454 2633 1534 2691 inter

317 2725 400 2774 award
412 2724 438 2772 in
485 2726 615 2782 caeteros,
635 2716 670 2770 de
689 2734 810 2770 assensa
827 2716 983 2779 communi,
1005 2716 1132 2771 Joharrni
1150 2716 1186 2771 de
1205 2717 1338 2783 Balliole,
1353 2718 1404 2789 qui
1423 2717 1460 2772 de
1472 2719 1535 2774 filia

319 2791 444 2840 favonios
486 2800 590 2866 David,
611 2801 703 2869 Regis
729 2799 890 2864 Scotorum,
916 2798 1106 2854 descenderat
1129 2801 1251 2867 seniore,
1272 2801 1453 2872 adjudicavit
1470 2802 1534 2857 Rex

317 2858 431 2974 ml&
486 2903 521 2939 ex
538 2886 653 2954 integro
670 2900 795 2953 regnum
820 2882 926 2953 ipsum.
974 2882 1119 2938 Robertus
1146 2901 1250 2955 nempe
1276 2885 1312 2940 de
1339 2886 1427 2951 Brus,
1455 2887 1534 2942 inter

402 2962 408 2974 ’
486 2985 573 3039 quem
591 2974 621 3023 et
638 2968 734 3038 ipsum
753 2965 915 3020 Johannem
933 2964 970 3019 de
987 2966 1121 3031 Balliole,
1135 2968 1260 3023 exclusis
1272 2970 1396 3035 caeteris,
1410 2970 1536 3040 qaeestio

484 3053 660 3117 vertebatur,
674 3051 745 3105 licet
765 3068 822 3105 uno
840 3049 934 3121 gradu
952 3059 1031 3105 esset
1047 3052 1246 3123 propinquior,
1266 3059 1364 3109 tamen
1384 3053 1537 3112 deseendit

485 3138 581 3193 afilia
598 3137 690 3209 Regis
709 3135 805 3191 David
824 3135 959 3191 secunda.

320 3238 449 3289 111300„
522 3220 669 3277 Johamics
702 3220 738 3274 do
772 3219 906 3285 Balliole,
938 3219 970 3273 in
1000 3221 1074 3274 leste
1106 3218 1206 3276 Sancti
1234 3219 1360 3277 Andreae
1390 3222 1535 3295 sequenti,

319 3306 413 3358 nation.
486 3307 643 3362 collocatus
669 3323 757 3376 super
778 3303 904 3374 lapidem
928 3303 1069 3374 regalem,
1096 3323 1183 3375 quern
1209 3305 1301 3361 Jacob
1324 3305 1539 3379 'supposuerat

486 3391 574 3461 copiti
593 3409 654 3454 suo,
675 3389 745 3443 dum
763 3389 820 3442 iret
837 3387 873 3441 de
891 3387 1037 3441 Bersabee
1055 3393 1086 3441 et
1103 3396 1240 3458 pergeret
1257 3389 1356 3455 ⁸Aran,
1370 3391 1402 3444 in
1413 3391 1540 3446 ecelesia

486 3474 697 3528 Canonicorum
710 3471 902 3541 llegnlarium
914 3469 951 3524 de
965 3469 1067 3534 Scene,
1082 3470 1250 3526 selemniter
1265 3481 1428 3529 coronatur.
1466 3475 1540 3530 Post

486 3558 699 3612 coronationem
728 3573 797 3610 vero
824 3554 964 3610 accedens
990 3554 1028 3608 ad
1054 3554 1166 3624 Regem
1195 3556 1321 3627 Anglioe,
1350 3559 1401 3629 qui
1429 3559 1538 3613 festum

486 3640 658 3694 Natiuitatis
693 3638 852 3693 Dominica·
887 3637 965 3709 apud
999 3636 1117 3692 Novum
1154 3639 1290 3693 Castrum
1325 3642 1421 3696 tenuit
1450 3630 1539 3713 super

487 3724 608 3793 'l'ynam‚
628 3723 722 3777 eidem
741 3723 812 3777 feeit
829 3723 999 3792 homagium
1017 3721 1071 3775 sub
1090 3721 1148 3776 hiis
1166 3723 1319 3777 verbine-

324 3824 435 3889 noma&
449 3830 475 3872 to
525 3812 543 3834 “
554 3807 676 3861 Domino
685 3806 835 3869 Eduardo,
846 3806 907 3860 Rex
916 3806 1044 3875 Angliae,
1060 3807 1193 3876 superior
1206 3806 1329 3862 Domine
1343 3807 1458 3865 Scotiar.
1473 3810 1539 3882 Ego

320 3889 479 3954 thellingol
490 3896 508 3919 ‘⁶
523 3891 670 3945 lohannes
689 3891 724 3944 ‹le
746 3889 879 3954 Balliole,
900 3890 964 3943 Rex
981 3890 1095 3955 Scotino,
1116 3892 1308 3961 ⁴recognosco
1326 3911 1373 3947 me
1391 3895 1540 3949 hominem

323 3958 446 4022 Enb'lffid·
490 3979 508 4002 ‘⁶
522 3982 654 4030 vostrum
669 3974 705 4027 de
722 3981 782 4028 toto
801 3992 892 4044 regno
906 3973 1011 4028 Scotite
1024 3981 1054 4028 et
1070 3975 1203 4029 omnibus
1219 3977 1412 4046 pertinentiis,
1432 3985 1463 4032 et
1480 3980 1540 4034 hiis

490 4066 508 4086 ⁴·
529 4078 594 4130 qum
612 4058 649 4113 ad
667 4059 721 4112 hoo
739 4065 886 4128 spectant;
907 4057 985 4127 quod
1000 4075 1125 4128 regnam
1142 4076 1241 4113 meum
1258 4067 1351 4126 teneo,
1372 4070 1402 4117 et
1419 4062 1455 4117 de
1471 4063 1540 4134 jure

491 4150 509 4171 “
529 4144 619 4198 debeo
640 4150 670 4197 et
689 4142 806 4197 clamito
824 4150 932 4206 tencre,
959 4142 1143 4197 haereditarie
1168 4143 1204 4198 de
1221 4144 1304 4199 vobis
1326 4154 1356 4201 et
1373 4146 1540 4202 haeredibus

491 4235 509 4255 ‘⁶
529 4229 645 4292 vestris,
671 4227 790 4295 regibus
808 4225 935 4295 Anglia‘,
957 4227 1039 4280 etde
1063 4228 1125 4282 vita
1143 4234 1174 4283 ot
1196 4229 1344 4293 membris,
1371 4237 1401 4285 et
1423 4237 1541 4287 terreno

491 4317 509 4338 “
528 4313 646 4377 honore,
664 4319 764 4365 contra
781 4327 880 4364 omnes
897 4310 1029 4364 hemines
1048 4312 1099 4380 qui
1113 4312 1252 4382 'possunt
1267 4313 1366 4367 vivere
1385 4320 1416 4368 et
1432 4314 1540 4370 mori.”

523 4396 563 4451 Et
586 4397 648 4451 Rex
672 4395 789 4466 Angliae
812 4394 924 4464 recepit
948 4394 1117 4466 homagium
1140 4396 1171 4449 in
1196 4396 1289 4450 forma
1312 4398 1460 4468 prmdicta,
1488 4418 1541 4455 suo

488 4486 519 4535 et
530 4481 650 4536 alterius
660 4481 727 4551 jure
740 4479 848 4534 'salvo
881 4477 1011 4548 Recepto
1023 4487 1120 4534 nutem
1133 4479 1224 4551 Regis
1238 4480 1257 4534 J
1259 4481 1379 4536 ohannis
1391 4483 1539 4554 homagio,

489 4564 551 4617 Rex
571 4564 687 4633 Anglita
709 4564 803 4618 eidem
822 4581 947 4633 regnum
970 4562 1074 4618 Section
1099 4564 1290 4634 integraliter,
1317 4585 1384 4620 eum
1405 4564 1541 4623 omnibus

488 4647 683 4716 pertinentiis,
704 4648 836 4703 restituit
852 4646 983 4701 indilate.

524 4858 530 4888 ¹
540 4857 653 4922 petitioni
663 4856 689 4905 in
699 4857 777 4922 orig.;
790 4860 917 4911 corrected
926 4856 991 4908 stem
1072 4858 1199 4910 ⁴0mitud
1208 4859 1235 4910 in
1247 4860 1290 4911 the
1301 4862 1400 4926 printed
1412 4869 1487 4914 texts.

489 4936 532 4986 the
543 4934 642 4999 printed
653 4943 726 4984 texts.
1072 4940 1174 5003 ⁵piaton!
1185 4941 1211 4989 in
1224 4941 1267 4992 the
1278 4943 1378 5005 printed
1389 4951 1462 4995 textu.

523 5017 533 5045 ²
546 5015 645 5064 Geras-ie
656 5014 745 5065 xxviii.
759 5020 795 5067 ll.
1073 5019 1184 5070 ‘Added
1194 5019 1221 5070 in
1234 5036 1249 5070 a
1260 5021 1323 5072 later
1333 5021 1408 5072 hand.

524 5097 533 5126 ⁸
544 5094 621 5145 Aram
633 5094 660 5145 in
671 5094 802 5148 Camden's
812 5103 873 5147 text.
