3750 6250
640 1083 805 1137 maroam
826 1082 1034 1137 moneare
1297 1072 1360 1138 ³31

200 1269 284 1323 ¹Isim,
314 1271 386 1326 paoe
410 1252 595 1310 reformanda
611 1253 689 1309 inter
709 1254 822 1309 Ducem
846 1259 877 1310 et
903 1254 993 1319 cives,
1016 1258 1180 1311 asserentes
1199 1271 1231 1311 se
1248 1247 1444 1327 paratosAD·
1459 1254 1529 1303 1³77·

200 1344 257 1389 ³1³
314 1357 379 1396 esse
397 1357 449 1411 per
467 1340 564 1394 omnia
581 1338 619 1395 ad
636 1339 850 1411 subjiciendum
871 1356 903 1395 se
924 1338 1017 1411 Regis
1043 1340 1175 1405 arbitrio,
1195 1358 1253 1396 non
1281 1340 1365 1411 quasi

199 1421 226 1458 Χ.

261 1775 268 1783 ·
315 1760 430 1817 debant.
480 1760 525 1815 De
544 1762 649 1831 quibus
679 1762 818 1817 nimirum
836 1763 970 1833 contigit,
991 1762 1068 1833 quod
1086 1780 1154 1817 oum
1172 1764 1296 1819 fuissent
1314 1782 1366 1835 per
1378 1799 1422 1841 ter.

315 1424 368 1494 qui
385 1424 525 1479 delictum
546 1423 555 1455 ¹

315 1509 445 1579 -Percy
472 1515 502 1563 et
529 1507 713 1564 Senesoallus
731 1509 826 1579 regni,
848 1508 987 1565 videlicet
1005 1508 1072 1563 Dux
1089 1508 1277 1575 Lancastriae,
1299 1529 1366 1566 eum
1378 1519 1515 1571 Courtcous

315 1592 459 1647 militibus
477 1590 588 1647 eisdem
606 1592 761 1664 adjunctis,
782 1594 979 1668 inequitantes
998 1610 1088 1663 equos
1115 1594 1227 1650 nobiles
1246 1603 1275 1650 et
1292 1613 1365 1667 prae·
1376 1589 1483 1652 bearing
1491 1589 1521 1637 ⁰f

315 1677 450 1748 grandes,
472 1682 506 1731 ut
523 1678 602 1731 viam
620 1678 697 1733 inter
714 1678 816 1733 turbas
835 1677 911 1747 Regi
930 1679 1060 1733 facerent
1071 1676 1268 1743 ²inoffensam‚
1289 1680 1365 1734 ince·
1378 1656 1523 1773 ffl‘ffl‘sss·

316 1852 382 1901 ante
400 1845 597 1901 formidabiles
615 1864 673 1900 non
691 1846 785 1900 solum
798 1846 897 1917 vulgo,
918 1846 970 1901 sed
987 1846 1060 1917 ipsis
1077 1847 1162 1917 regui
1181 1848 1366 1918 magnatibus

315 1947 369 2002 pro
386 1935 501 1984 ’rerum
528 1930 676 1985 affluentia
693 1936 723 1985 et
740 1936 954 1985 assentatorum
972 1930 1145 2000 frequentia,
1166 1931 1197 1986 in
1213 1932 1268 1987 hae
1286 1932 1367 2003 equi·

316 2014 425 2070 tatione
454 2014 525 2068 adeo
554 2014 684 2069 modeste
711 2031 743 2069 se
768 2014 942 2078 habuerunt,
963 2014 1065 2068 turbas
1083 2018 1144 2069 tarn
1161 2014 1291 2080 honeste,
1306 2022 1367 2071 tam

316 2098 417 2162 facete,
440 2103 474 2154 ut
499 2098 556 2153 vire
581 2098 726 2163 oederent,
755 2105 938 2162 monuerunt,
959 2104 993 2152 ut
1010 2116 1027 2152 e
1044 2103 1126 2152 tanta
1149 2099 1236 2153 turba
1252 2100 1367 2155 nullum

316 2182 367 2237 illo
391 2182 448 2247 die,
473 2199 527 2236 neo
545 2182 577 2236 in
596 2182 732 2247 crastino,
746 2182 835 2237 verbo
853 2182 901 2237 vel
919 2182 996 2236 facto
1021 2181 1160 2237 laederent
1179 2184 1368 2254 quovismodo

316 2267 392 2322 unde
411 2267 543 2337 contigit,
569 2271 603 2321 ut
619 2285 693 2338 pene
711 2266 803 2322 totius
820 2266 905 2337 vulgi
923 2267 1063 2331 favorem,
1088 2267 1194 2339 quibus
1213 2274 1279 2324 ante
1305 2287 1367 2325 sus-

315 2352 393 2424 pecti
412 2352 527 2406 fuerant
538 2356 569 2407 et
585 2351 719 2417 odibiles,
739 2350 933 2406 lucrarentur.

351 2436 415 2491 Rex
440 2442 547 2500 autem,
579 2434 710 2490 insidens
740 2453 882 2506 magnum
915 2435 1106 2501 dextrarium,
1132 2442 1220 2492 tantas
1238 2454 1368 2508 personae
1380 2443 1435 2493 The
1446 2442 1518 2507 King

316 2526 425 2592 aptum,
446 2526 628 2591 stratumque
646 2519 796 2589 regaliter,
816 2519 992 2590 sequebatur
1004 2520 1081 2575 illos.
1120 2520 1212 2592 Cujus
1225 2522 1366 2592 gladium,
1379 2511 1499 2589 Pl⁰⁰⁸⁰d⁸

316 2600 450 2656 manibus
468 2600 623 2662 elevatum,
642 2599 776 2670 portabat
793 2604 860 2653 ante
879 2617 947 2654 eum
965 2599 1107 2654 Dominus
1121 2600 1231 2671 Symon
1243 2602 1366 2656 Burlee·
1380 2594 1408 2627 ¹¹¹
1420 2584 1483 2627 ΜΕ

317 2680 459 2736 Dominus
473 2697 588 2751 quoque
599 2678 760 2734 Nicholaus
773 2678 873 2733 Bonde
891 2679 955 2749 ejus
968 2681 1092 2735 fraenum
1104 2682 1196 2746 duxit,
1210 2644 1369 2737 inoedeudd
1380 2644 1522 2762 affigat,

317 2765 415 2837 pedes.
452 2764 565 2834 Regem
582 2781 652 2818 vero
670 2763 866 2835 sequebantur
875 2764 984 2818 milites
1003 2770 1033 2821 et
1050 2766 1188 2820 coaetanei
1206 2767 1262 2831 sui,
1282 2773 1369 2839 atque
1382 2779 1533 2832 omnem,

317 2850 421 2904 domus
446 2848 537 2917 regia
563 2847 730 2902 familiares.
779 2847 843 2902 Neo
870 2847 965 2902 defuit
982 2852 1070 2903 tantas
1089 2850 1182 2904 turbae
1200 2869 1307 2921 magna
1324 2852 1370 2906 vis

317 2933 477 2988 ‘lituorum
495 2937 525 2986 et
541 2931 695 2997 tubarum
722 2949 790 2986 nam
808 2931 947 3001 quaelibet
964 2933 1051 2987 turba
1068 2934 1190 2988 seorsim
1209 2952 1276 2989 suos
1294 2936 1371 2990 tubi·

316 3018 395 3075 cines
407 3016 603 3089 precedentes
615 3015 749 3079 habebat,
764 3016 924 3085 statutique
936 3016 946 3047 ⁵
956 3017 1072 3071 fuerant
1089 3036 1142 3088 per
1154 3018 1369 3074 Londonienses

319 3116 407 3171 super
418 3097 644 3169 Aquaeductum,
666 3103 696 3152 et
715 3114 803 3168 super
828 3097 936 3152 turrim
955 3094 1018 3168 ⁶[in
1036 3098 1140 3153 eodem
1158 3099 1220 3154 foro
1239 3098 1318 3171 quae]
1339 3100 1369 3155 in

318 3184 456 3239 honorem
469 3182 561 3252 Regis
574 3181 651 3236 facta
662 3182 768 3246 fuerat,
783 3181 928 3236 tubicines
942 3182 993 3253 qui
1006 3183 1176 3252 clangerent
1193 3185 1224 3238 in
1242 3185 1369 3240 adventu

318 3267 419 3339 Regis.
469 3265 525 3335 Qui
544 3283 644 3320 omnes
664 3265 752 3320 simul
767 3264 863 3335 juncti
882 3265 1061 3335 clangentes,
1082 3286 1185 3322 sonum
1204 3268 1370 3322 mirabilem

318 3351 503 3408 audientibus
528 3349 727 3404 reddiderrmt.
772 3349 843 3403 Fuit
861 3350 954 3420 igitur
973 3350 1035 3405 dies
1054 3351 1105 3406 ille
1119 3352 1312 3422 jocunditatis
1340 3360 1370 3408 ct
1462 3400 1463 3403 ,

317 3437 438 3501 laetitiae,
459 3435 531 3499 dies,
552 3440 585 3489 ut
603 3435 645 3488 ita
662 3434 767 3497 dicam,
790 3433 937 3504 clangoris
957 3441 987 3489 et
1005 3435 1145 3502 buccinae,
1166 3436 1229 3492 dies
1248 3436 1298 3492 diu
1324 3456 1370 3491 ox·

319 3527 450 3593 peotatus
476 3518 671 3574 renovationis
697 3519 776 3590 pacis
806 3524 836 3572 et
863 3519 964 3588 legum
993 3521 1105 3590 patriae,
1132 3539 1197 3591 quas
1226 3519 1289 3592 jam
1319 3521 1371 3576 diu

320 3606 514 3667 exulaverant,
535 3602 647 3658 desidia
671 3602 764 3674 Regis
798 3602 875 3658 senis
906 3610 936 3658 et
961 3604 1086 3660 avaritia
1112 3604 1370 3662 obsecundantium

321 3689 376 3744 sibi
395 3705 547 3744 serrorum
565 3686 639 3759 ejus,

353 3772 402 3828 Ad
431 3773 569 3827 honorem
599 3771 719 3842 insuper
748 3769 874 3841 regium,
907 3771 987 3826 cives
1019 3772 1225 3829 ordinaverant
1255 3781 1289 3830 ut
1318 3794 1370 3846 per
1383 3795 1503 3860 pffpm,

319 3856 431 3912 fistulas
455 3855 656 3927 Aquaeductus
682 3854 814 3910 efflueret
839 3854 989 3910 abundans
1014 3857 1125 3922 vinum,
1153 3863 1182 3914 et
1207 3877 1258 3930 per
1277 3865 1371 3914 totum
1383 3863 1528 3914 donemude

320 3948 434 4013 tempus
453 3940 649 4011 equitationis,
670 3938 701 3993 id
728 3945 782 4003 est,
802 3956 855 4010 per
873 3945 932 3994 tres
953 3942 1126 4013 etamplius
1144 3942 1240 4008 horas,
1256 3944 1370 4015 jugiter
1384 3932 1452 4009 2¹3⁰st
1466 3933 1503 3979 f⁰¹'

320 4030 475 4083 emanaret.
520 4024 645 4080 Factum
679 4023 767 4079 etiarn
804 4024 900 4079 fuerat
926 4025 1072 4096 quoddam
1102 4034 1231 4083 castrum
1260 4029 1369 4083 habens
1383 3998 1517 4076 1ΜοοΫ

1381 4072 1442 4119 tlon.

354 4301 468 4352 'Atthis
479 4299 551 4364 point
561 4300 631 4349 there
648 4299 670 4349 is
686 4315 718 4349 an
735 4299 820 4348 hiatus
869 4303 899 4351 of
911 4303 951 4351 his
969 4304 1087 4368 copying.
1120 4306 1171 4354 For
1183 4305 1223 4354 tho
1234 4305 1370 4367 important

319 4384 347 4432 in
363 4381 405 4431 the
415 4379 532 4430 Arondel
549 4378 606 4429 MS.
616 4397 623 4437 ς
634 4379 820 4428 nudcedinthe
868 4397 974 4446 passage
991 4383 1052 4435 here
1071 4383 1182 4443 omitted,
1200 4399 1240 4435 see
1259 4383 1303 4435 the
1315 4384 1369 4450 Ap·

320 4461 427 4526 margin,
439 4461 467 4510 iu
477 4474 493 4510 a
503 4459 571 4508 hand
583 4459 613 4508 of
627 4459 670 4508 the
690 4458 821 4523 following
868 4462 971 4525 perdix.

320 4549 433 4605 century.
467 4539 523 4588 The
534 4537 640 4602 reading
657 4539 717 4589 here
736 4538 763 4587 in
779 4538 821 4587 the
901 4553 1038 4619 rinoffm
1048 4553 1076 4602 in
1088 4553 1130 4603 the
1141 4553 1241 4617 printed
1254 4561 1328 4608 tem

320 4622 420 4688 printed
431 4628 498 4671 texts
504 4621 534 4679 is,
542 4623 557 4646 “
565 4618 675 4670 arbitrio.
709 4620 761 4670 His
771 4620 821 4668 dic-
904 4647 913 4675 ι
924 4662 1002 4694 emm
1014 4646 1041 4694 in
1052 4645 1094 4694 the
1106 4645 1205 4710 printed
1216 4653 1290 4697 tm·

322 4704 376 4751 “tis
398 4701 518 4751 Dominus
546 4698 629 4759 Percy,
655 4699 717 4748 etc.’'
757 4698 821 4748 Two

321 4798 397 4848 peges
408 4783 438 4831 of
444 4781 502 4830 MS.
511 4779 577 4828 Bibl.
586 4780 649 4844 lieg.
661 4780 727 4829 rsa.
735 4780 771 4828 ix.
780 4796 822 4828 arc
871 4817 987 4866 qndBibl
1008 4819 1064 4882 Reg
1086 4823 1114 4866 13
1130 4818 1152 4865 E
1173 4818 1200 4866 ix

322 4863 426 4912 omitted
447 4862 515 4918 here,
539 4860 588 4907 and
611 4860 653 4908 the
677 4860 821 4911 scribebas
870 4852 877 4867 ‘
989 4857 995 4867 '
1031 4911 1037 4922 ,
1064 4855 1070 4868 ’
1155 4856 1160 4867 “
1203 4857 1209 4867 “

321 4943 453 5008 possedon
470 4941 536 4989 from
553 4937 604 4987 line
621 4944 637 4986 3
654 4939 685 4988 of
697 4940 777 4988 243b.
797 4947 822 4987 lo
903 4911 1056 4973 mmmm
1068 4911 1110 4960 ὼε
1121 4911 1220 4975 printed
1228 4919 1302 4964 ω·

322 5023 374 5072 uns
390 5026 405 5070 a
423 5020 452 5070 of
472 5019 563 5080 aare,
587 5023 633 5067 not
655 5017 822 5082 improbata,
904 5001 1042 5066 “Supplied
1059 5002 1124 5052 from
1135 5002 1203 5053 Bibl·
1216 5003 1279 5068 Res·
1296 5010 1326 5053 1³
1338 5004 1368 5054 E·

322 5101 460 5154 amistake
475 5100 548 5151 made
565 5099 593 5151 in
609 5097 652 5151 the
667 5098 821 5161 resumption
870 5083 907 5134 5¹·
940 5081 1335 5148 omittedinthel'flmfldtffl&

905 4737 1005 4787 ‘lituram
1018 4738 1044 4786 in
1056 4738 1128 4801 orig,
1137 4738 1181 4788 the
1187 4739 1287 4802 printed
1293 4747 1367 4803 texts,
