3750 6250
698 1136 865 1189 HISTORIA
879 1138 1087 1189 momentis
1348 1128 1412 1190 405

204 1324 260 1373 MS.
273 1324 334 1374 Bibl
371 1323 527 1389 'fecerant
553 1332 583 1381 et
609 1325 646 1380 ad
673 1343 808 1382 securum
834 1328 930 1383 locum
959 1326 1141 1399 comportari,
1174 1332 1207 1382 ut
1231 1326 1494 1398 quandocunuLD.
1508 1337 1581 1383 1379.

203 1391 313 1506 gib-¹¹³
373 1427 429 1479 que
468 1410 635 1466 advenisset
676 1410 714 1466 ad
750 1412 932 1468 mactandum
976 1430 1026 1468 eos
1061 1411 1093 1467 in
1127 1410 1349 1467 mansuetudine
1386 1416 1416 1467 et

228 1494 235 1506 '
276 1494 284 1506 ⁴
371 1492 500 1560 lenitate,
532 1501 565 1550 ut
591 1495 706 1561 accidit,
734 1497 885 1553 thesauros
915 1503 977 1553 tam
1001 1497 1163 1568 insperatos
1194 1514 1281 1568 quam
1307 1496 1415 1551 inaesti·

371 1578 493 1634 mabiles
536 1581 703 1651 reperisset.
755 1580 823 1635 Dux
864 1587 963 1638 autem
999 1582 1097 1636 omnia
1138 1581 1198 1635 ista
1226 1579 1415 1650 considerans

370 1669 478 1734 preter
496 1681 577 1735 spem
603 1665 743 1729 evenisse,
763 1665 908 1721 indicibili
931 1666 1062 1738 repletus
1086 1665 1204 1737 gaudio,
1224 1666 1335 1737 gratias
1353 1666 1418 1736 agit

371 1746 442 1811 Deo,
457 1748 508 1818 qui
527 1747 642 1819 quando
654 1749 727 1812 vult,
747 1750 887 1805 transfert
904 1756 935 1805 et
946 1748 1100 1805 ’immutat
1111 1750 1247 1821 regiones
1266 1756 1296 1804 et
1312 1766 1414 1820 regna,

371 1831 525 1901 atquibus
543 1831 661 1887 vultea
677 1832 791 1888 tribuit.
828 1833 868 1888 Et
884 1834 1012 1899 interim,
1032 1852 1100 1890 oum
1120 1839 1236 1905 tempus
1257 1820 1422 1887 miserandi

371 1914 435 1984 ejus
460 1915 620 1981 advenerit,
646 1916 777 1971 restituit
801 1934 836 1971 ea
860 1917 1031 1973 timentibus
1056 1935 1160 1974 nomen
1182 1917 1254 1989 ejus.
1302 1914 1415 1971 Deinde

371 1999 459 2069 plebi,
478 2018 531 2071 pro
549 1999 715 2055 incredibili
741 2000 796 2055 fide
824 2006 854 2056 ct
871 2002 1052 2073 gratitudine
1070 2020 1158 2074 quam
1185 2003 1216 2056 in
1233 2002 1276 2056 eis
1294 2000 1415 2063 invenit,

371 2085 549 2154 regratiatur
568 2085 733 2151 uberrime,
759 2086 932 2157 promittens
959 2105 991 2142 se
1016 2087 1052 2142 de
1087 2092 1191 2142 caetero
1222 2086 1275 2149 eis,
1301 2102 1358 2139 non
1382 2089 1417 2138 ut

371 2173 511 2237 tyrannus
533 2174 585 2223 aut
610 2168 712 2233 hostis,
741 2171 935 2241 praefuturum
960 2189 1027 2226 cum
1054 2173 1161 2235 furore,
1182 2169 1243 2234 sed,
1264 2172 1298 2225 ut
1322 2168 1415 2239 prius,

371 2252 506 2323 princeps
524 2270 591 2308 cum
606 2252 724 2324 justitia
741 2259 773 2309 et
790 2272 897 2311 amore.

437 2540 654 2609 Memorabile
669 2542 808 2629 foetam
829 2540 978 2609 Domini
1001 2541 1163 2627 Hisponis
1189 2540 1358 2609 Golocrlee.

407 2696 470 2751 Nec
491 2697 630 2752 oblivioni
646 2697 790 2753 ³Lethaea
811 2696 1003 2753 ⁴tradeudum
1023 2697 1135 2752 {estimo
1155 2698 1263 2752 factum
1281 2696 1418 2760 notabile,

373 2781 482 2836 factum
499 2800 557 2837 non
574 2781 671 2837 minus
689 2781 835 2837 laudabile
854 2799 942 2852 quam
959 2780 1147 2837 memorabile
1171 2781 1252 2835 illius
1276 2782 1420 2836 virtutum

373 2872 403 2919 et
426 2864 625 2921 ‘fortitudinis
653 2864 854 2937 ‘exemplaria
883 2865 965 2920 illius
990 2864 1194 2937 prefulgentis
1213 2865 1324 2936 speculi
1343 2864 1420 2918 mili·

374 2949 454 3013 taris,
484 2949 601 3004 Domini
627 2949 764 3021 Hugonis
790 2948 959 3014 Galverlee;
990 2949 1041 3019 qni
1067 2955 1164 3004 tamen
1190 2967 1243 3003 sua
1267 2948 1418 3019 sapientia,

372 3034 565 3097 animositate,
585 3039 615 3088 et
638 3034 757 3097 virtute,
781 3033 879 3104 ipsum
897 3032 1009 3088 Ducem
1029 3032 1159 3088 servavit
1183 3050 1201 3085 a
1226 3030 1420 3086 derisionibus

372 3118 509 3181 hostium,
535 3125 566 3174 et
588 3118 708 3190 insuper
728 3136 880 3174 commune
898 3116 1008 3189 vulgus
1033 3115 1111 3188 quod
1129 3114 1314 3187 sequebatur,
1335 3132 1421 3186 appa·

373 3210 454 3258 ratus
475 3202 550 3257 aulae
575 3221 628 3258 seu
649 3220 771 3258 camerae
790 3203 943 3259 thesauros
966 3202 1099 3274 publicos
1121 3207 1151 3256 ct
1174 3201 1313 3271 privatos,
1339 3217 1421 3254 arma

372 3286 487 3351 bellica,
517 3305 589 3342 vasa
613 3305 702 3342 aurea
727 3291 757 3342 et
782 3293 930 3358 argentea,
963 3303 1137 3357 omnemque
1162 3284 1254 3339 Ducis
1278 3281 1419 3354 supellec·

373 3370 466 3434 tilem,
486 3369 616 3425 defendit
632 3390 650 3425 a
667 3369 778 3442 rapinis
796 3374 827 3425 et
845 3369 1045 3425 invasionibus
1061 3368 1260 3424 barbarorum.

409 3453 485 3508 (lum
502 3459 610 3519 autem,
630 3461 664 3510 ut
680 3455 819 3525 praelatus
834 3453 901 3508 Dux
914 3453 1075 3509 Britannice
1091 3457 1121 3508 et
1136 3451 1278 3507 Dominus
1295 3451 1421 3506 Thomas
1432 3446 1524 3499 Doleat
1534 3446 1564 3497 of

374 3537 478 3611 Pcrcy,
501 3538 658 3610 caeterique
684 3538 820 3610 majores,
848 3543 966 3610 portum
991 3541 1251 3610 praeoccupassent,
1274 3535 1421 3606 simulque
1432 3515 1588 3593 1³²⁰?th

374 3641 441 3678 cum
459 3621 502 3677 cis
521 3621 663 3676 Dominus
681 3621 772 3693 Hugo
784 3628 978 3688 memoratus;
998 3640 1051 3677 nec
1069 3621 1156 3676 ⁷dum
1173 3638 1263 3676 naves
1282 3619 1421 3676 onerariae
1433 3582 1549 3713 sslfffil}

375 3725 440 3776 quse
464 3706 605 3762 victualia
629 3705 782 3772 vehebant,
811 3711 841 3761 et
867 3713 973 3762 caetera
998 3724 1061 3776 quse
1087 3703 1285 3777 praediximus,
1304 3709 1422 3777 portum
1434 3716 1476 3766 Sir
1487 3715 1566 3779 Hugh

374 3790 563 3862 attigisseut3
594 3808 652 3846 non
677 3791 755 3845 euim
780 3796 915 3862 poterant
944 3807 1044 3845 omues
1075 3788 1164 3847 simul
1199 3790 1319 3853 intrare,
1352 3781 1575 3860 quiacalverley,

374 3881 476 3946 portus
506 3880 587 3930 artus
618 3881 664 3930 est
692 3881 724 3930 et
745 3875 944 3947 periculosus;
977 3873 1064 3930 ecce!
1097 3880 1215 3945 repente
1246 3873 1422 3946 vespiliones
1434 3850 1472 3899 ⁰ff
1480 3848 1523 3898 ὼε
1530 3915 1544 3964 f

376 3958 491 4023 Gallici,
512 3960 600 4015 simul
618 3978 686 4016 curn
704 3960 854 4032 Hispanis,
871 3961 947 4015 vecti
966 3959 1059 4031 galeis
1077 3959 1223 4026 advolant,
1243 3959 1300 4015 rati
1318 3963 1423 4014 cuncta
1433 3922 1569 4048 ffaegne·

376 4044 433 4098 sibi
459 4062 579 4100 cessura
603 4063 657 4117 pro
681 4045 768 4109 votis,
795 4063 862 4100 cum
886 4061 976 4101 naves
997 4050 1113 4109 nostrae,
1139 4062 1204 4115 quae
1219 4043 1282 4116 jam
1305 4047 1423 4115 portum

376 4128 521 4194 tenebant,
535 4129 644 4185 reverti
661 4146 719 4183 uon
736 4134 872 4201 poterant
885 4128 923 4183 ad
938 4127 1059 4185 ferenda
1076 4128 1229 4200 praesidia,
1249 4126 1368 4199 duplici,
1389 4131 1423 4181 ut

376 4214 419 4268 eis
437 4212 533 4268 visum
552 4218 605 4278 est,
626 4213 662 4268 de
675 4231 777 4277 causa,
799 4213 868 4283 quia
885 4211 1024 4268 videlicet
1041 4219 1072 4268 et
1089 4230 1161 4268 aura
1181 4219 1245 4267 erat
1256 4212 1299 4266 eis
1312 4216 1423 4266 coutra-

376 4299 422 4352 ria
445 4304 475 4353 et
500 4298 613 4353 malitia
637 4297 695 4353 loci
721 4304 865 4369 suspecta.
902 4296 966 4352 Nec
993 4314 1083 4362 mora,
1112 4294 1257 4352 consuetis
1284 4295 1423 4351 adhibitis

376 4381 588 4447 instrumentis,
601 4381 764 4438 missilibus
783 4380 905 4447 scilicet,
919 4399 985 4452 qua
997 4381 1105 4452 vulgus
1126 4384 1144 4408 ‘⁸
1153 4398 1267 4452 gunnam
1277 4379 1295 4403 ”
1307 4388 1422 4446 vocant,

413 4675 420 4705 ¹
426 4671 633 4739 secenintinthe
644 4672 743 4737 printed
754 4679 829 4722 texts.
958 4666 1102 4734 ‘exemplar
1140 4668 1169 4719 iu
1198 4667 1261 4733 orig.
1299 4669 1352 4719 and
1381 4669 1424 4718 the

413 4755 510 4802 ²matut
520 4752 548 4802 in
559 4752 602 4803 the
613 4752 712 4816 printed
720 4759 793 4802 texts.
924 4750 1025 4813 printed
1037 4757 1111 4800 texts.

412 4833 580 4884 ³0mittedin
592 4833 634 4882 the
645 4832 744 4896 printed
755 4838 830 4881 texts.
956 4833 1028 4879 'acm
1046 4847 1120 4879 nuces
1137 4846 1236 4880 canore
1253 4828 1281 4879 in
1300 4829 1362 4894 orig.
1374 4830 1426 4879 aud

413 4916 486 4964 ‘ease
506 4911 647 4962 temdum
668 4912 696 4960 in
719 4910 761 4961 the
780 4910 880 4975 printed
924 4910 968 4959 the
988 4909 1087 4973 printed
1106 4917 1192 4969 texts,
1218 4911 1345 4962 corrected
1362 4909 1425 4959 from

381 5005 455 5046 texts.
924 4990 992 5041 Bibl.
1006 4990 1069 5055 ltcg.
1084 4995 1113 5039 13
1125 4989 1155 5040 Ε.
1168 4989 1205 5042 ix.

414 5072 636 5140 'fatitudiaumin
647 5072 690 5124 the
698 5071 798 5138 printed
805 5076 880 5121 tenta.
