3750 6250
656 1109 821 1163 merosus
836 1107 1050 1164 lscnrcssa
1335 1093 1374 1161 21

199 1300 308 1369 hage.
327 1312 415 1367 quam
433 1302 504 1353 tuno
521 1295 554 1352 in
570 1302 709 1369 promptu
733 1297 869 1364 habebat,
890 1316 985 1372 usque
1003 1297 1188 1354 Rodolanum
1212 1295 1544 1371 proemieit3A,1)‚12g1‚

199 1368 290 1422 '⁸3³st
326 1380 390 1453 ipse
418 1398 490 1436 vero
516 1381 580 1436 Rex
610 1382 686 1437 clam
711 1381 945 1439 Ambresbiriam
968 1382 1050 1445 adiit,
1075 1389 1110 1438 ut
1138 1385 1262 1437 matrem
1292 1398 1375 1436 auam

199 1440 270 1517 μδ
326 1465 477 1530 salutaret,
497 1483 562 1535 quae
588 1471 657 1521 tunc
682 1465 714 1521 in
737 1466 789 1521 illo
814 1468 991 1523 monasterio
1014 1466 1192 1521 morabatur.
1243 1464 1376 1536 Contigit
1387 1482 1519 1535 Anoedote

199 1518 235 1555 α’
325 1557 433 1615 autem,
462 1549 531 1605 dum
548 1549 591 1605 ibi
609 1556 696 1616 esset,
717 1556 751 1606 ut
778 1550 897 1622 quidam
915 1550 953 1605 ad
970 1551 1072 1607 matris
1099 1550 1163 1622 ejus
1189 1550 1374 1621 praesentiam
1385 1549 1416 1600 ol
1428 1550 1480 1602 lid·

324 1633 527 1699 adduceretur,
548 1634 599 1706 qui
617 1653 671 1707 per
689 1641 804 1705 tempus
823 1634 944 1706 aliquod
961 1651 1071 1689 caecum
1092 1633 1240 1698 ¹finxerat,
1261 1633 1373 1688 risum-
1387 1619 1456 1669 ’ω
1468 1618 1489 1670 Ῑ·

325 1719 462 1789 quesibi
486 1718 524 1774 ad
549 1718 673 1775 Haurici
696 1718 799 1791 Regis,
832 1718 979 1791 quondam
1013 1718 1112 1773 mariti
1136 1717 1191 1784 sui,
1216 1718 1374 1784 tumulum,

325 1801 437 1859 dixerat
454 1803 631 1858 restitutum.
677 1801 842 1858 Edwardus
863 1820 934 1859 vero
952 1802 1015 1857 Res
1033 1803 1110 1857 huno
1128 1801 1165 1858 ab
1185 1802 1305 1873 antiquo
1324 1820 1374 1858 no·

325 1892 409 1943 verat
430 1888 575 1942 famosum
601 1885 734 1957 flagitiis,
754 1891 946 1957 notatumque
965 1886 1087 1940 malitiis
1106 1903 1140 1941 ac
1158 1885 1314 1942 fraudibus
1340 1888 1376 1941 ab

324 1970 405 2035 olim,
418 1975 449 2027 et
461 1969 620 2026 mendaciis
632 1976 801 2036 assuetum
821 1970 968 2041 matrique
980 1969 1196 2025 narrationibus
1214 1970 1376 2042 plurimum

324 2053 519 2126 applaudenti,
539 2072 576 2108 ue
593 2053 727 2109 crederet
737 2054 895 2110 dissuasit:
916 2072 991 2125 quae,
1011 2053 1043 2107 in
1060 2070 1171 2108 morem
1189 2053 1375 2108 foeminarum

324 2138 499 2203 vetularum,
519 2137 615 2193 subito
633 2138 665 2193 iu
683 2138 758 2193 iram
776 2155 871 2203 versa,
892 2137 987 2192 filium
1008 2136 1183 2208 gravissime
1210 2137 1373 2209 redarguit,

324 2239 526 2293 cameramque
544 2239 626 2277 suam
645 2238 787 2277 evacuare
805 2222 956 2294 pracepit.
1002 2221 1059 2276 Oui
1073 2220 1167 2291 jussis
1192 2221 1297 2276 matris
1322 2222 1375 2275 hu·

325 2305 433 2363 militer
460 2305 583 2379 parenti,
605 2305 677 2361 dum
703 2305 904 2376 egrederetur,
926 2305 1056 2361 occurrit
1073 2304 1161 2360 Prior
1178 2304 1374 2359 Prouincialis

326 2388 462 2446 Fratrum
473 2389 711 2455 Praedicatorum,
726 2391 822 2446 dictus
837 2390 969 2445 “Frater
990 2390 1082 2461 Hugo
1105 2389 1141 2444 de
1165 2388 1375 2453 Mancestria,”

326 2472 371 2528 vir
387 2491 502 2545 magnas
520 2473 716 2541 discretionis,
734 2493 767 2530 ac
789 2474 935 2546 Magister
953 2474 985 2528 in
1005 2472 1175 2544 Theologia,
1198 2472 1250 2543 qui
1269 2479 1299 2529 et
1317 2472 1373 2544 ipsi

326 2556 401 2629 Regi
424 2558 610 2614 familiariter
632 2565 718 2615 notus
742 2564 821 2624 erat3
842 2576 929 2629 quern
955 2558 1019 2612 Rex
1043 2556 1080 2612 ud
1104 2563 1218 2629 partem
1243 2557 1373 2621 trahens,

325 2642 464 2697 offensam
479 2642 593 2708 matris,
617 2649 647 2698 et
664 2643 761 2698 omnia
779 2660 845 2715 quae
863 2642 1055 2713 contigerant,
1070 2658 1208 2696 enarrans
1226 2658 1279 2713 per
1297 2640 1374 2696 ordi·

325 2742 401 2790 uem,
423 2726 550 2782 finaliter
567 2728 623 2783 boc
646 2726 753 2798 adjecit
762 2729 829 2793 ;-“
843 2724 938 2798 Ego,'’
960 2726 1065 2796 inquit,
1089 2725 1262 2796 “justitiam
1280 2725 1373 2798 patris

328 2811 347 2834 “
366 2809 424 2864 mei
451 2815 563 2865 mutam
586 2810 664 2876 novi,
684 2809 764 2882 quod
789 2811 886 2881 potius
904 2810 974 2864 huic
993 2827 1102 2865 scurrm
1129 2810 1256 2864 eruisset
1273 2809 1374 2864 oculos

327 2894 346 2918 ‘⁸
365 2892 509 2965 integros,
536 2910 625 2965 quam
650 2900 737 2950 tautae
766 2893 916 2965 iniquitati
946 2893 1047 2948 lumen
1075 2893 1225 2964 perditum
1261 2898 1374 2949 restau-

326 2978 345 3004 “
364 2976 490 3034 rasset.''

356 3062 462 3117 Altera
479 3080 550 3119 vero
569 3062 625 3129 die,
646 3068 765 3136 accepta
782 3080 800 3118 a
817 3069 911 3119 matre
928 3061 1058 3128 licentia,
1081 3079 1148 3116 cum
1167 3060 1319 3117 celeritate
1337 3060 1374 3115 ad
1387 3062 1496 3112 Edwsrd

323 3147 469 3211 militiam,
492 3165 581 3219 quam
607 3149 798 3219 praemiserat,
834 3149 866 3203 in
893 3147 1032 3203 Walliam
1057 3146 1234 3218 properavit.
1282 3131 1505 3216 GujuePf⁰⁰²⁹d⁸

323 3230 422 3287 audito
440 3230 576 3296 adventu,
597 3232 737 3303 Princeps
757 3232 883 3297 Walliae,
906 3230 1056 3285 obsidione
1081 3230 1185 3295 soluta,
1206 3230 1323 3299 longius
1342 3245 1374 3284 se
1386 3195 1518 3248 ΝΜ·

322 3314 475 3371 subtraxit.
514 3315 637 3370 Interim
655 3323 773 3387 captum
791 3321 837 3371 est
848 3323 978 3371 castrum
997 3313 1033 3368 de
1046 3313 1304 3386 LampaderVaur
1321 3331 1375 3385 per

323 3398 433 3455 Besnm
452 3399 547 3453 filium
565 3399 743 3471 Maylgonis,
758 3405 789 3457 et
802 3399 958 3455 Griffinum
976 3398 1071 3453 filium
1082 3397 1243 3453 Mereduci.
1282 3398 1375 3470 Capta
1387 3405 1483 3455 Trana·

323 3490 390 3540 sunt
401 3483 492 3539 etiam
510 3483 614 3539 inillis
631 3484 775 3556 partibus,
788 3502 841 3557 per
853 3484 927 3540 alios
942 3482 1064 3549 nobiles,
1073 3482 1266 3539 Wallensium
1278 3489 1375 3539 oastm
1386 3471 1483 3523 mim

323 3567 419 3639 ΡΜ..
1387 3539 1462 3590 there.

355 3652 469 3708 Eodem
487 3657 628 3723 tempore,
654 3659 829 3724 procurante
851 3651 956 3708 Fratre
975 3651 1107 3706 Johanne
1126 3651 1281 3717 Peccham,
1300 3651 1373 3708 Gan·
1386 3654 1487 3706 Emeric
1499 3655 1530 3705 de

323 3736 466 3792 moriensi
491 3735 731 3809 Arcbiepiscopo,
750 3737 927 3808 Aymerieus
946 3737 982 3791 de
1003 3735 1182 3802 Monteforti,
1204 3755 1293 3808 quern
1311 3736 1374 3792 Rex
1386 3722 1519 3774 M⁰¹²²s⁰f¹=

323 3820 353 3876 in
377 3821 512 3877 custodia
535 3821 710 3888 detinuerat,
736 3823 896 3888 liberatur;
922 3822 1081 3894 spondente
1105 3839 1159 3892 pro
1180 3823 1321 3887 coelem,
1343 3841 1375 3878 sc

324 3905 398 3962 velle
417 3906 454 3962 de
472 3906 604 3978 periculo
630 3907 716 3978 regni
740 3924 854 3963 cavere.
904 3905 961 3974 Qui
987 3906 1178 3961 transfretans
1202 3906 1233 3960 iu
1252 3906 1373 3972 Gallias,

324 4008 380 4046 non
397 3990 492 4046 multo
503 3998 571 4062 post
582 3990 703 4046 Curiam
721 3991 882 4047 Romarm
894 3989 985 4056 adiit;
1005 3990 1056 4044 ubi
1068 3995 1136 4062 post
1147 3990 1260 4061 aliquot
1275 4007 1374 4054 annos,

324 4074 498 4130 renuncians
523 4072 676 4131 clericatui
704 4075 790 4133 miles
812 4073 956 4142 efficitur;
983 4074 1035 4130 sed
1058 4074 1212 4139 infaustus,
1231 4091 1299 4130 nam
1317 4075 1375 4131 cito

323 4166 425 4229 postea
442 4158 600 4214 defunctus
618 4164 673 4214 est.

357 4243 424 4299 Hoc
449 4260 525 4298 anno
550 4243 726 4298 translatum
743 4248 790 4300 est
807 4243 953 4299 inlocum
972 4242 1195 4298 eminentiorem
1207 4241 1374 4298 venerabile

324 4344 427 4400 corpus
446 4326 533 4383 Beati
550 4326 696 4398 Hugonis,
709 4327 855 4398 quondam
873 4327 1012 4399 Episcopi
1029 4327 1251 4384 Linoolnienaie.

356 4412 402 4467 Eo
431 4418 574 4483 tempore,
605 4411 825 4468 cantuariensis
854 4409 1134 4484 'Archiepiscopus
1159 4412 1307 4483 profectus
1343 4409 1374 4467 in

327 4494 539 4561 snowdoniam,
559 4494 729 4568 Principem
752 4494 885 4562 Welliae,
900 4501 931 4552 et
957 4514 1129 4569 germanum
1148 4512 1245 4561 sunm,
1266 4496 1376 4568 sategit

325 4578 360 4634 ad
387 4597 488 4652 pacem
512 4578 670 4646 reducem
703 4581 754 4637 sed
789 4582 958 4645 frustratus,
990 4598 1145 4652 regressus
1175 4581 1207 4634 in
1235 4579 1376 4653 Angliam

327 4663 634 4721 excommunicationis
653 4666 684 4719 in
701 4666 781 4736 ipsos
800 4665 975 4721 sententiam
994 4664 1169 4720 fulminavit.

359 4746 479 4804 Transit
503 4766 597 4803 annus
621 4748 678 4804 iste
700 4749 827 4821 frugifer
845 4755 875 4805 et
893 4749 1045 4814 fructifer3
1074 4747 1214 4804 Romanis
1239 4747 1374 4816 infamis3

323 4828 441 4889 smmis
459 4832 596 4904 quietus;
620 4830 673 4888 sed
691 4832 798 4904 Anglis
817 4839 847 4888 et
857 4832 991 4889 Wallicis
1009 4832 1168 4905 inquietus.

365 5008 372 5039 ¹
383 5009 525 5073 aefiuerct
535 5008 562 5057 in
574 5008 617 5058 tte
627 5008 727 5073 printed
738 5015 814 5059 texts.
875 5007 1016 5076 Episcopus
1026 5009 1195 5064 incendent
1206 5018 1268 5063 text

364 5087 586 5156 ‘Antiepiaeopu
600 5087 628 5139 ln
638 5087 755 5140 Pulcr's
768 5094 831 5152 text,
