3750 6250
414 1056 479 1123 104
740 1069 870 1122 raone
893 1065 1128 1122 censiacum

247 1270 316 1323 AD
331 1265 424 1319 1303.ί
428 1260 607 1323 ‘veraciten
634 1258 711 1329 quod
735 1258 809 1314 nihil
834 1260 926 1314 babeo
950 1258 988 1315 ad
1004 1257 1213 1314 comedendum
1230 1255 1279 1311 vel
1296 1253 1464 1317 bibendum.
1456 1261 1601 1380 dnm.

416 1347 487 1400 “et
511 1343 631 1415 jejunus
659 1343 786 1399 remansi
815 1361 908 1414 usque
938 1343 976 1399 ad
1004 1361 1141 1440 praesens.
1188 1340 1277 1396 Etsi
1301 1339 1342 1395 sit
1366 1330 1532 1409 aliquam

418 1432 437 1457 ‘⁸
456 1428 531 1484 bona
549 1426 655 1483 mulier
673 1445 738 1499 quse
750 1444 798 1482 me
815 1428 889 1483 velit
900 1428 936 1483 de
957 1446 1010 1483 sua
1025 1427 1131 1499 juvare
1149 1422 1359 1496 eleemosyna
1349 1441 1381 1478 ιιι
1392 1399 1572 1515 paneg&1³

418 1516 438 1540 “
458 1511 548 1569 vel
519 1530 597 1577 vmo,
611 1519 642 1566 et
656 1512 682 1566 si
694 1512 796 1566 vinum
812 1529 870 1567 non
888 1512 1032 1576 babuerit,
1052 1511 1088 1566 de
1109 1528 1186 1582 equa
1202 1506 1379 1582 permodica,
1394 1463 1509 1562 daboBb

419 1600 439 1624 “
458 1597 486 1651 ei
510 1596 740 1651 benedictionem
766 1596 821 1651 Dei
847 1601 878 1651 et
902 1614 1017 1662 meam3
1049 1605 1079 1651 et
1105 1611 1205 1650 omnes
1233 1594 1285 1665 qui
1309 1591 1471 1664 quicqum

421 1684 439 1707 “
458 1681 647 1750 portaverint,
673 1679 961 1750 quantulumcunque
985 1680 1141 1744 modicum,
1168 1679 1199 1734 in
1223 1694 1320 1734 meam
1345 1675 1470 1733 subveu-

421 1769 440 1791 “
459 1766 577 1829 tionem,
602 1764 722 1819 absolvo
747 1764 783 1819 ab
808 1765 942 1819 omnibus
968 1765 1096 1836 peccatis
1123 1762 1214 1819 suis.”
1259 1762 1342 1817 'Pone
1371 1776 1471 1816 omnes

420 1849 482 1904 hoec
501 1847 650 1904 audientes
663 1866 698 1902 ex
715 1866 764 1902 oro
777 1848 874 1919 Papoe,
894 1848 1067 1914 clamabant,
1089 1852 1109 1875 “
1119 1847 1222 1912 Vives,
1235 1845 1325 1902 Pater
1336 1841 1473 1901 Sanete.”

420 1934 460 1988 Et
485 1951 552 1988 mox
578 1950 712 1988 cernercs
739 1932 877 1987 mulieres
904 1950 1023 1988 canere
1047 1933 1181 1988 certatim
1207 1930 1245 1987 ad
1270 1930 1415 2003 palatium
1438 1927 1475 1984 ad

421 2016 600 2072 offerendum
625 2017 682 2072 sibi
707 2034 819 2088 panem,
846 2017 958 2082 vinum,
992 2017 1041 2071 vel
1065 2034 1180 2088 aquam,
1205 2016 1237 2070 in
1257 2019 1373 2070 tantum
1398 2011 1475 2085 quod

422 2102 522 2157 statim
547 2118 662 2156 camera
688 2099 776 2171 Papae
803 2101 980 2156 victualibus
1005 2100 1118 2172 repleta
1142 2099 1208 2155 fuit.
1253 2097 1294 2153 Et
1322 2115 1391 2153 cum
1420 2113 1476 2152 non

424 2186 622 2241 invenirentur
647 2203 718 2239 vasa
744 2184 781 2239 od
809 2185 982 2256 capiendum
1011 2185 1108 2248 allata,
1138 2183 1297 2238 fundebant
1318 2182 1422 2237 vinum
1447 2186 1478 2235 et

423 2287 529 2341 aquam
553 2270 585 2323 in
610 2287 679 2324 area
703 2286 825 2325 camerm
844 2268 931 2341 Papae
950 2270 981 2324 in
998 2270 1125 2325 maxima
1143 2268 1313 2338 quantitate.
1351 2266 1392 2321 Et
1409 2271 1477 2320 tune

424 2354 520 2426 potuit
546 2354 669 2424 quisquo
697 2353 821 2423 ingredi,
848 2360 878 2408 et
902 2371 970 2408 cum
990 2352 1071 2424 Papa
1095 2352 1184 2423 loqui,
1217 2351 1294 2406 sicut
1322 2367 1391 2406 cum
1421 2347 1477 2403 alio

425 2454 561 2509 paupere,
582 2438 633 2508 qui
651 2437 775 2492 volebat.
820 2438 901 2492 'Iunc
919 2437 1001 2508 Papa
1018 2437 1125 2500 exiens,
1145 2435 1271 2491 absolvit
1286 2450 1387 2489 omnes
1405 2432 1477 2487 axis·

425 2527 519 2577 tentes
537 2522 698 2577 incivitate
716 2521 752 2575 ab
764 2522 897 2577 omnibus
916 2522 1043 2593 peccatis
1055 2538 1156 2576 eorum
1175 2518 1359 2591 generaliter,
1373 2522 1479 2589 preter

426 2605 633 2676 despoliatores
646 2605 785 2660 Ecclesiae
798 2606 944 2660 Romana.
983 2606 1160 2678 Spoliatores
1178 2604 1267 2659 etiam
1278 2600 1478 2658 Oardinalium

427 2694 458 2743 et
475 2689 597 2743 aliorum
615 2689 651 2743 de
670 2689 760 2745 Curia
776 2707 833 2745 non
852 2689 1028 2754 absolvebat,
1048 2690 1104 2744 nisi
1122 2690 1198 2743 bona
1217 2685 1387 2759 hujusmodi
1404 2685 1479 2740 inne

426 2772 557 2827 triduum
575 2779 765 2844 reportarent.
809 2773 1009 2829 Veruntamen
1034 2773 1115 2844 Papa
1134 2772 1249 2827 remisit
1266 2787 1403 2843 expresse
1419 2785 1477 2825 em·

426 2857 513 2912 nibus
539 2857 590 2927 qui
614 2857 690 2912 bone
714 2875 768 2912 sua
792 2863 1020 2929 asportaverant,
1049 2857 1120 2912 dum
1142 2863 1241 2912 tamen
1266 2855 1320 2910 illa
1345 2854 1422 2910 bona
1444 2851 1479 2907 de

427 2940 563 2997 thesauro
582 2940 722 2995 Ecclesiae
739 2958 797 2996 non
814 2943 949 3008 fuerunt3
970 2947 1000 2997 et
1017 2942 1117 2997 statim
1134 2946 1312 3013 protestatus
1324 2945 1372 2994 est
1383 2952 1479 2994 coram

427 3025 570 3088 omnibus,
605 3024 682 3096 quod
711 3025 807 3081 voluit
838 3026 945 3081 babere
975 3043 1076 3097 pacem
1106 3043 1174 3082 cum
1208 3021 1480 3096 calumpniensrbus

428 3109 631 3167 Oardinalibus
656 3115 686 3165 et
710 3109 773 3166 auid
790 3109 856 3166 aliis
874 3110 1009 3175 inimicis,
1030 3116 1061 3166 et
1076 3115 1195 3183 paratus
1213 3115 1277 3165 arat
1293 3108 1374 3181 ipsos
1396 3104 1479 3163 rasti·

427 3201 510 3251 tuere
528 3194 565 3250 ad
583 3195 754 3265 temporalia
772 3201 802 3250 et
820 3195 984 3267 spiritualia
1002 3194 1189 3261 cardinalem
1209 3200 1240 3249 et
1255 3193 1311 3249 hoc
1329 3192 1401 3249 t'eoit
1416 3207 1479 3263 pro·

428 3279 548 3335 clamari
573 3296 627 3350 per
657 3279 767 3334 villam.
816 3279 934 3334 Interea
963 3285 1111 3349 reportata
1139 3279 1258 3334 fuerunt
1292 3276 1369 3333 bona
1401 3274 1480 3331 illius

430 3363 571 3434 quadam,
592 3363 644 3418 sed
661 3380 718 3416 non
736 3362 841 3427 omnia,
861 3363 944 3434 prius
963 3362 1068 3419 ablata.

465 3447 534 3502 Hiis
550 3448 650 3517 itaque
668 3448 770 3518 gestis,
791 3446 873 3518 Papa
890 3447 987 3502 subito
1006 3454 1036 3502 et
1053 3447 1200 3520 inopinate
1217 3445 1341 3502 recessit
1357 3444 1395 3500 de
1412 3442 1483 3500 villa

432 3530 600 3600 ¹Anagniae,
615 3531 806 3601 progrediens
818 3550 922 3586 versus
934 3531 1058 3586 Romam
1077 3550 1143 3587 cum
1157 3531 1283 3586 maxima
1293 3529 1482 3585 multitudine

432 3619 618 3668 armatorum.
657 3615 695 3669 Et
708 3634 774 3670 cum
786 3617 968 3685 pervenisset
980 3616 1017 3670 ad
1030 3616 1169 3671 Sanctum
1181 3616 1311 3678 Petrum,
1326 3632 1361 3668 ex
1379 3614 1482 3669 timore

434 3715 522 3767 quern
540 3706 711 3768 conceperat
729 3698 843 3768 quando
862 3706 963 3770 captus
981 3699 1048 3763 fuit,
1068 3706 1098 3754 et
1116 3716 1240 3754 moerore
1258 3716 1359 3752 rernm
1376 3695 1484 3752 inaesti·

265 3792 347 3843 naath
435 3780 587 3835 mabiliam
604 3781 794 3851 perditarum,
816 3791 845 3837 et
863 3784 939 3837 same
966 3801 1054 3853 quam
1072 3789 1256 3839 contraxerat
1279 3782 1335 3838 sub
1353 3780 1485 3836 custodia

261 3860 367 3922 ⁰¹⁴P⁰i>e
436 3864 667 3919 adversariorum
687 3884 814 3930 suorum,
835 3867 893 3921 cito
911 3866 1034 3932 delecit;
1063 3874 1094 3922 et
1112 3869 1154 3922 sic
1172 3864 1316 3938 completa
1340 3866 1412 3920 est'
1404 3883 1436 3920 m
1453 3878 1485 3918 ee

263 3926 392 3976 B⁰¹¹¹s²⁰⁰
435 3949 588 4059 prophetia
605 3947 827 4018 praedecessoris
846 3951 901 4013 sui,
922 3951 974 4022 qui
999 3951 1111 4016 dixit,
1117 3950 1300 4006 ‘Ascendisti
1319 3955 1354 4005 ut
1370 3948 1483 4021 vulpes,

438 4033 606 4103 “regnabis
624 4039 659 4087 ut
676 4032 730 4096 leo,
750 4033 883 4088 morieris
901 4040 935 4089 ut
953 4035 1063 4090 canis.”

266 4130 411 4183 &emon
473 4116 621 4172 Successit
638 4116 675 4179 ei,
695 4133 713 4169 a
732 4115 935 4171 Cardinalibus
954 4136 1020 4172 mox
1038 4119 1159 4182 clectus,
1186 4118 1363 4174 Benedictus
1389 4116 1486 4173 Unde·

266 4199 384 4249 ofBene-
436 4201 539 4265 cimus,
559 4199 743 4255 Lumburdus
769 4206 819 4255 nat
820 4202 894 4263 ione,
922 4220 1011 4271 quem
1030 4202 1111 4274 Papa
1129 4203 1297 4257 Bonilacius
1323 4202 1360 4257 de
1378 4200 1485 4258 Ordine

265 4265 318 4314 (Ἠοῖ
328 4265 375 4315 XI·
436 4286 574 4340 Fratrum
586 4285 825 4348 Praedicatorum,
839 4286 886 4356 cuj
890 4304 924 4340 us
937 4286 1082 4358 Magister
1094 4294 1165 4349 erat,
1180 4292 1365 4357 assumptum
1377 4286 1486 4341 iecerat

435 4369 612 4442 Episcopum
631 4369 804 4425 Ostiensem.
843 4369 886 4423 De
906 4371 962 4425 isto
980 4371 1139 4426 Benedicta
1158 4371 1277 4441 quidam
1296 4370 1339 4425 sic
1357 4370 1453 4427 uite·-

551 4471 610 4525 “A
627 4488 660 4524 ro
677 4486 783 4526 nomen
800 4469 883 4534 habe,
903 4470 1034 4535 benedic,
1054 4472 1183 4536 benefac,
1203 4471 1371 4534 Benedicta,

551 4556 642 4610 “Aut
658 4572 721 4609 rem
738 4562 882 4626 perverto,
903 4555 1036 4619 maledic,
1057 4556 1189 4621 malefac,
1209 4553 1397 4611 Maledicte.”

269 4660 396 4781 phileas.
474 4648 722 4720 Golumpnienses,
742 4658 856 4706 mortuo
869 4651 950 4722 Papa
967 4650 1127 4715 Bonilaoio,
1154 4650 1190 4705 de
1209 4651 1270 4706 suis
1289 4650 1404 4723 egressi
1422 4646 1485 4707 lati·

296 4746 312 4779 n
339 4746 351 4781 s

436 4821 679 4830 ——...-
1009 4827 1015 4832 .
1026 4826 1228 4838 .-.--.-.,-.
1239 4829 1252 4833 .-

735 4952 743 4982 ¹
761 4949 874 5017 Anapum
882 4949 910 5002 in
918 4951 962 5003 the
974 4951 1077 5016 printed
1089 4959 1165 5005 texts.
