3750 6250
282 1295 305 1346 l.

282 1444 301 1479 J.
335 1451 354 1477 u

282 2114 314 2166 rl.

282 2283 308 2333 rl.

654 1094 818 1145 meroem
839 1092 1045 1143 anomocus.
1314 1075 1377 1147 237

336 1283 355 1311 “
373 1282 450 1337 bona
466 1298 519 1354 pro
536 1281 621 1337 libito
631 1282 759 1353 capiunt,
779 1282 927 1351 invitequo
941 1285 1105 1352 asportant;
1125 1278 1377 1350 immopraemissa
1395 1269 1545 1321 A.D.1341.

334 1368 354 1394 “
373 1366 437 1421 fieri
465 1366 676 1438 praecipientes,
707 1372 828 1437 actaque
859 1382 912 1420 suo
941 1365 1056 1420 nomine
1085 1368 1149 1419 rata
1180 1364 1320 1418 habentes
1349 1367 1380 1417 et

373 1456 466 1521 grata
486 1452 624 1521 saepefata
640 1450 783 1505 sententia
800 1455 869 1503 sunt
887 1448 1026 1513 innodati,
1045 1449 1187 1503 Dominus
1205 1447 1269 1501 Rex
1286 1464 1378 1501 remc-

335 1534 355 1561 “
373 1534 456 1589 dium
473 1552 615 1606 apponere
641 1534 753 1605 placcat
779 1541 989 1605 opportunum
1018 1532 1203 1588 dissimulare
1221 1531 1298 1586 enim
1323 1549 1380 1585 non

335 1618 355 1644 “
373 1633 538 1688 possumus,
567 1617 638 1687 quin
663 1622 763 1671 contra
787 1617 870 1682 tales,
899 1621 988 1688 prout
1012 1616 1167 1688 pastoralis
1194 1614 1280 1670 officii
1310 1632 1381 1670 cura

336 1704 355 1729 ¹·
375 1700 513 1772 exegerit,
533 1706 564 1756 et
580 1718 633 1773 per
650 1701 756 1755 stamas
774 1706 889 1756 nostros
907 1709 938 1755 ot
959 1700 1166 1771 suffraganeos,
1195 1698 1273 1770 quod
1296 1698 1380 1753 nobis

336 1785 356 1812 ‘¹
375 1789 407 1839 et
423 1783 466 1839 eis
483 1783 635 1848 incumbit,
655 1800 841 1853 exequamur.
878 1783 997 1839 Nostrae
1015 1789 1112 1839 tamen
1130 1782 1299 1838 intentionis
1322 1798 1381 1836 non

337 1869 357 1896 ⁸¹
376 1873 423 1922 est
432 1866 590 1922 Dominum
601 1873 733 1923 noenum
746 1867 867 1938 Regem,
882 1866 1036 1922 Dominam
1048 1867 1201 1938 Reginam,
1212 1872 1263 1921 aut
1273 1865 1381 1920 liberos

338 1953 358 1979 ⁸⁸
375 1949 541 2015 eorundem,
561 1950 648 2006 dictis
666 1950 817 2005 sententiis
841 1950 951 2006 involvi
969 1968 1022 2006 seu
1040 1949 1253 2022 comprehendi,
1282 1954 1382 2020 quate·

339 2035 360 2060 “
378 2050 435 2089 nus
453 2032 489 2088 de
503 2032 572 2105 jure
589 2039 726 2103 poterunt
743 2031 921 2104 excusari.'']

373 2116 459 2172 Misit
489 2134 604 2187 quoque
628 2117 706 2172 idem
729 2117 978 2189 Arohiepiscopus
1005 2116 1168 2189 'Episcopo
1188 2114 1380 2172 Irondoniensi

335 2199 452 2257 litteras
469 2201 501 2255 in
517 2202 595 2256 hunc
611 2201 778 2256 modum.-

375 2287 395 2314 “
404 2284 425 2340 J
425 2284 561 2348 ohannes,
574 2285 765 2356 permissione
778 2285 885 2349 divina,
897 2285 1115 2341 cantuariensis
1123 2283 1378 2355 Archiepisccpus
1394 2272 1554 2324 Sentenmf

283 2435 284 2442 χ
339 2372 360 2398 “
378 2369 469 2425 totius
492 2368 610 2439 Angliae
628 2368 760 2424 ²Primas
780 2366 823 2440 [et
839 2369 1016 2441 Apostolicae
1039 2370 1123 2425 Sedis
1135 2369 1274 2439 Legatus,
1295 2384 1380 2422 vene·
1391 2340 1500 2390 Em·

282 2443 320 2546 u,

340 2455 360 2481 '⁸
378 2450 466 2506 rabili
483 2452 566 2506 fratri
590 2459 698 2517 nostro,
724 2458 779 2507 otc.
826 2452 1016 2509 Sacrosancta
1037 2453 1179 2517 Ecclesia,
1205 2469 1269 2522 quoe
1294 2451 1380 2505 debet
1391 2413 1551 2538 §mum

282 2576 296 2588 .
340 2538 360 2564 “
379 2535 473 2590 libera
489 2552 562 2599 esse,
583 2537 673 2591 variis
692 2536 890 2592 exactionibus
908 2536 1046 2601 indebite,
1061 2543 1092 2593 et
1108 2538 1235 2608 angariis
1254 2536 1377 2599 infestis,
1392 2541 1476 2605 hythe

341 2622 361 2649 '⁸
380 2619 554 2691 opprimitur
581 2619 639 2675 hiis
664 2620 784 2686 diebus;
811 2621 896 2692 cujus
921 2622 1005 2685 bona,
1030 2621 1068 2676 ad
1092 2639 1157 2693 quae
1180 2620 1256 2676 laica
1276 2638 1378 2675 manus
1391 2606 1513 2658 Aschbifl·

339 2705 360 2732 “
378 2720 436 2758 non
464 2702 599 2757 'deberet
624 2704 748 2767 extendi,
774 2721 827 2776 pro
855 2704 939 2759 libito
963 2704 1142 2775 diripiuntur
1171 2705 1202 2758 in
1234 2703 1378 2775 praedam
1393 2672 1551 2791 1³:220me-

340 2788 360 2815 '‘
379 2785 534 2857 clerusque
557 2792 664 2842 nostrae
689 2787 908 2842 cantuariensis
935 2786 1098 2842 Provincia
1116 2794 1238 2843 vexatur
1261 2788 1378 2857 injuste,
1394 2755 1498 2871 ,3213ss
1507 2805 1550 2854 the

340 2871 360 2898 ‘⁶
379 2886 413 2925 ac
430 2870 569 2942 probroso
592 2877 758 2941 contemptu
783 2871 918 2942 nequiter
942 2871 1143 2937 conculcatur;
1168 2871 1293 2941 justitia,
1315 2889 1380 2942 quse
1393 2874 1513 2923 violatore
1524 2872 1555 2921 os

341 2953 579 3025 “principaliter
602 2954 718 3008 elucere
737 2954 862 3017 deceret,
889 2960 919 3008 et
937 2972 1002 3024 quae
1025 2955 1146 3025 regibus
1170 2954 1220 3010 dat
1245 2971 1378 3024 regnare,
1393 2938 1551 2989 thelibeffiffl

341 3037 361 3063 ‘⁸
380 3054 414 3092 ac
438 3037 547 3109 populo
573 3038 702 3107 quictem
721 3044 866 3109 praeparat
889 3043 1088 3109 opportunam,
1109 3037 1207 3092 debito
1225 3038 1306 3092 cultu
1324 3054 1381 3091 non
1393 3005 1506 3126 {aggh-

341 3121 361 3148 ‘⁶
379 3120 494 3187 colitur,
514 3120 566 3176 sed
589 3120 626 3176 ad
649 3121 772 3192 injurias
796 3128 827 3178 et
850 3121 1050 3192 oppressiones
1082 3122 1197 3192 iniquas
1222 3121 1381 3177 multorum

341 3204 361 3231 “
379 3204 504 3260 sraenum
521 3205 635 3261 laxatur
652 3206 779 3276 impune.
817 3206 890 3270 Nos,
913 3223 1118 3277 oppressorum
1146 3205 1304 3277 gemitibus
1331 3223 1380 3277 pa-

341 3290 361 3315 ¹⁸
379 3294 462 3344 terno
473 3290 681 3360 compatientes
693 3290 807 3353 affectu,
822 3289 1004 3345 attendentes
1018 3289 1115 3360 ⁴quod
1130 3289 1168 3344 ad
1183 3289 1381 3361 Apostolicarn

341 3371 555 3442 “dignitatem
581 3390 633 3427 nos
660 3373 726 3427 ideo
752 3372 850 3428 divina
883 3373 1038 3428 clementia
1062 3373 1240 3438 sublimavit,
1267 3391 1324 3427 non
1349 3378 1383 3427 ut

343 3455 363 3482 “
381 3453 445 3510 dies
463 3461 578 3510 nostros
604 3455 635 3510 in
660 3457 759 3526 quiete
784 3462 814 3510 et
839 3455 1012 3510 deliciarum
1036 3456 1182 3511 affluentia
1199 3456 1381 3521 duceremus,

341 3538 361 3564 ‘⁴
380 3536 432 3591 sed
450 3543 485 3592 ut
503 3555 539 3592 ex
557 3538 688 3608 injuncto
707 3538 790 3593 nobis
812 3538 1071 3594 administrationis
1095 3540 1197 3604 officio,
1217 3547 1383 3596 nostrorum

342 3619 628 3692 “predecessorum
652 3622 792 3692 exemplis
817 3622 974 3678 salubriter
991 3623 1137 3689 instructi,
1157 3641 1210 3696 pro
1228 3624 1313 3680 domo
1325 3624 1383 3678 Do·

343 3704 452 3759 “mini
476 3705 697 3760 ascendentibus
715 3723 750 3760 ex
771 3705 893 3762 adverso
916 3725 968 3762 nos
992 3725 1109 3762 murum
1132 3708 1384 3780 inexpugnabilem

342 3788 362 3814 “
380 3804 587 3859 praeparemus,
597 3795 631 3842 ut
642 3795 772 3843 errantes
784 3789 821 3844 ad
832 3790 911 3844 viam
924 3791 1064 3855 veritatis,
1078 3791 1238 3863 inspirante
1250 3792 1383 3855 Domino,

342 3873 362 3897 “
380 3870 563 3936 reducamus,
578 3872 718 3942 quasdam
731 3873 1063 3929 excommunicationum
1078 3876 1236 3931 sententias
1248 3894 1266 3930 a
1277 3876 1385 3931 sanctis

343 3955 362 3980 “
381 3953 514 4025 patribus
540 3961 570 4010 et
592 3954 856 4026 praedecessoribus
883 3958 991 4013 nostris
1015 3958 1046 4011 in
1070 3958 1244 4031 subscriptis
1269 3959 1385 4015 casibus

343 4037 362 4063 ‘⁴
381 4036 522 4093 adversus
540 4036 740 4108 delinquentes
764 4039 903 4095 hactenus
927 4041 1136 4112 promulgatas,
1157 4059 1210 4113 per
1233 4043 1386 4098 denuncia-

377 4316 455 4369 ¹Tbe
477 4318 563 4368 letter
586 4326 609 4369 to
629 4320 668 4371 tle
689 4321 785 4387 Bistop
816 4323 848 4387 os
919 4325 1024 4377 ’Artes
1040 4328 1091 4377 thie
1115 4330 1184 4378 word
1214 4328 1337 4380 reference
1363 4328 1386 4378 is

344 4395 443 4448 lacn
461 4411 490 4447 ee
507 4397 583 4463 given
598 4399 634 4464 by
649 4399 842 4466 Hemingburgh
887 4405 961 4454 made
969 4404 996 4453 in
1010 4405 1053 4455 the
1060 4405 1177 4456 Arundel
1186 4405 1329 4456 MS.tothe
1336 4408 1386 4456 end

345 4476 391 4539 (IL
412 4491 437 4540 p.
457 4479 520 4541 ³71)
542 4476 628 4528 differs
650 4479 715 4528 from
737 4480 779 4530 the
795 4495 843 4531 one
887 4482 918 4530 os
930 4483 1168 4547 volume-“quare
1187 4484 1213 4531 ia
1226 4483 1280 4546 fine
1291 4482 1349 4533 libri
1353 4484 1385 4544 ‚·”

345 4555 420 4619 given
432 4556 505 4615 bere3
524 4554 609 4605 which
627 4557 650 4606 is
670 4558 798 4608 described
808 4560 844 4623 by
887 4560 971 4610 where
989 4561 1105 4611 however
1122 4562 1165 4611 the
1176 4567 1293 4612 sentence
1303 4563 1326 4613 is
1340 4570 1386 4613 not
1496 4620 1499 4625 ,

345 4633 540 4700 Herningburgh
557 4647 586 4682 as
602 4634 699 4700 having
714 4637 777 4687 been
800 4639 843 4686 ad·
886 4653 945 4687 now
963 4645 989 4689 to
1006 4641 1037 4689 be
1051 4641 1136 4690 found
1170 4640 1196 4689 It
1206 4641 1325 4692 hasbeen
1344 4643 1385 4692 in·

347 4714 447 4764 dremed
463 4714 499 4777 by
516 4711 732 4779 theArchbisbop
744 4723 771 4765 to
786 4714 846 4764 “all
887 4718 968 4768 remed
991 4717 1055 4767 from
1077 4718 1119 4768 the
1142 4723 1197 4768 text
1218 4720 1250 4769 of
1262 4720 1385 4788 Heming·

347 4794 362 4820 ‘¹
374 4791 412 4842 aa
422 4791 531 4842 bream
539 4792 591 4843 aad
602 4793 769 4860 suffragans?
789 4794 844 4853 See,
888 4795 970 4860 burgh
981 4790 1032 4845 and
1042 4796 1098 4847 MS.
1117 4796 1189 4848 Harl.
1202 4802 1259 4850 65⁵.

347 4868 469 4934 bovam,
481 4871 524 4922 the
534 4879 669 4923 statement
679 4874 753 4923 made
763 4878 791 4924 at
803 4873 845 4923 the
921 4875 931 4904 ⁸
948 4873 1041 4937 debent,
1051 4875 1116 4927 Harl
1128 4880 1185 4928 655.

348 4950 845 5005 endoftbeSenteneeofExcommuni·
921 4953 972 5001 'oc
998 4952 1177 5007 cmsidcranlee
1200 4963 1289 5009 arante
1315 4958 1386 5024 qaod,

349 5029 437 5082 urion
890 5030 1027 5083 Herlbbb.
