3750 6250
199 1411 211 1461 t.
224 1413 293 1463 Bibl.

199 1494 218 1556 ς.
234 1484 265 1529 13

199 1560 234 1597 tx.

300 1688 308 1715 ,Ι
323 1633 498 1690 Laneastriae
517 1637 709 1703 conniventia,
737 1639 788 1710 qui
814 1640 845 1692 in
870 1638 1047 1709 adjutorium
1071 1637 1163 1710 Regis
1181 1636 1369 1708 Portingaliae

322 1719 481 1775 mittendus
500 1721 596 1776 fuerat
619 1727 721 1777 contra
747 1722 860 1793 Regem
886 1722 1049 1793 Hispaniae,
1077 1722 1129 1793 qui
1161 1721 1369 1777 adversabatur
1381 1748 1407 1797 jn
1419 1749 1462 1800 aid
1472 1753 1502 1802 of

653 1159 819 1209 HISTORIA
833 1160 1039 1212 instruant

445 1415 621 1502 Profectio
646 1440 704 1483 seu
726 1418 915 1506 nepetino,
938 1418 982 1483 ia
1002 1416 1251 1504 Portapctium.
1384 1422 1540 1477 All-1381·

357 1551 415 1605 Per
444 1552 522 1606 idem
552 1558 667 1624 tempus
696 1555 835 1610 collectus
865 1560 911 1610 est
939 1555 1073 1626 copiosus
1099 1552 1252 1617 exercitae,
1280 1549 1513 1667 Ducisffigpe·

1381 1681 1451 1732 fitted
1463 1693 1513 1744 out,

322 1804 425 1859 eidem.
462 1804 653 1861 Asseveravit
670 1806 748 1861 enim
766 1807 844 1861 idem
863 1806 938 1870 Dux,
959 1806 1114 1877 expediens
1133 1806 1196 1860 sore
1213 1823 1315 1876 regne,
1335 1812 1369 1861 ut
1381 1815 1423 1865 the
1430 1816 1541 1882 Kiagof

322 1886 392 1944 illue
410 1896 588 1945 armatorum
605 1890 690 1961 copia
710 1909 776 1946 eum
796 1890 861 1945 auri
880 1890 1057 1945 abundantia
1079 1890 1263 1955 mitteretnr3
1296 1908 1366 1959 qua·
1380 1881 1500 1960 PORlussssl

321 1978 405 2028 tenus
416 1972 480 2029 Rex
491 1974 689 2046 Portingaliaa
702 1976 753 2046 qui
765 1993 818 2046 pro
830 1974 873 2030 eis
885 1975 1014 2038 miserat,
1025 1973 1129 2045 majori
1142 1974 1262 2029 caritate
1274 1992 1365 2045 regno
1377 1952 1528 2067 {gffnzts‘he

320 2055 436 2128 Angliae
448 2064 479 2114 et
489 2059 593 2114 ineolis
611 2060 739 2130 regionis
757 2059 905 2124 astrictae,
924 2058 1014 2113 maris
1032 2058 1200 2129 prohiberet
1211 2058 1365 2113 transitum
1378 2032 1464 2145 Spain,

320 2140 397 2211 apud
416 2140 512 2197 Gades
531 2143 681 2208 Herculis,
704 2161 776 2213 quas
796 2142 928 2197 moderni
947 2149 1051 2198 vocant
1075 2144 1095 2169 “
1105 2142 1214 2197 Stricta
1233 2141 1269 2196 de
1285 2141 1365 2196 Mar·

321 2227 340 2249 ‘⁶
359 2224 487 2291 raehia,”
512 2226 605 2297 galeis
625 2245 690 2298 quie
711 2227 747 2281 de
767 2225 941 2282 necessitate
963 2243 1016 2298 per
1034 2244 1101 2281 eum
1122 2224 1235 2297 atejus
1257 2225 1364 2280 ibidem

318 2307 478 2363 dominium
496 2310 629 2375 transire,
649 2311 680 2365 in
700 2310 878 2382 adjutorium
897 2308 1076 2366 Gallicorum
1101 2314 1130 2365 et
1153 2309 1361 2382 Hispanorum,

317 2391 354 2446 ad
375 2411 523 2459 oceanum,
544 2394 575 2449 id
595 2402 649 2460 est,
663 2413 752 2459 mare,
766 2394 963 2450 infestandum
975 2395 1185 2458 Britannicum,
1198 2394 1246 2449 vel
1258 2394 1362 2465 Angli-

316 2493 392 2542 cum,
406 2477 577 2533 debuerunt.
616 2479 665 2534 Sic
677 2479 775 2549 itaquo
794 2485 824 2535 et
840 2479 1054 2554 Angliamlore
1066 2484 1170 2544 tutam,
1184 2483 1213 2533 et
1224 2477 1363 2549 praedicta

315 2558 373 2614 duo
390 2578 490 2631 regna,
510 2567 540 2617 et
557 2562 703 2634 praecipue
721 2562 883 2627 Manciam,
903 2562 1096 2618 deludendam
1114 2562 1247 2618 asseruit.

350 2645 509 2700 Constituti
527 2651 595 2701 sunt
615 2647 704 2701 duces
722 2653 752 2701 et
763 2646 895 2717 primarii
907 2646 996 2718 hujus
1008 2647 1204 2719 profectionis,
1218 2645 1360 2702 Dominus

314 2726 485 2785 Edmundus
506 2729 543 2784 de
561 2729 719 2801 Langelay‚
740 2729 844 2784 Comes
863 2729 1063 2801 Cantibrigiae,
1077 2730 1169 2802 Regis
1189 2730 1358 2795 avuncolus,

313 2812 455 2869 Dominus
463 2813 629 2869 Willelmus
641 2814 836 2884 Beanehamp,
850 2812 993 2869 Dominus
1006 2813 1014 2845 ¹
1026 2813 1100 2883 [W.]
1114 2815 1247 2879 Botreus,
1262 2820 1292 2868 et
1303 2813 1360 2868 Do·

313 2896 408 2952 minus
418 2896 574 2953 Matthaeus
588 2897 734 2969 Gournay,
748 2904 778 2952 et
796 2897 847 2951 alii
859 2897 958 2969 plures
971 2897 1079 2952 milites
1092 2916 1164 2969 quos
1176 2915 1233 2952 non
1245 2897 1360 2967 expedit

313 2997 475 3037 numerare.
508 2981 574 3050 Qui,
588 3000 668 3036 marc
683 2986 876 3047 transeuntes,
890 2980 1016 3036 feliciter
1029 2981 1147 3051 quidem
1165 2995 1359 3053 pervenerunt

312 3063 496 3121 Ulixibenam
508 3065 667 3132 civitatem,
681 3065 865 3137 metropolim
883 3065 1023 3137 regionis,
1044 3070 1074 3120 et
1085 3082 1103 3119 a
1114 3064 1196 3136 Rege
1208 3071 1358 3136 gratanter

312 3157 381 3205 sunt
403 3151 524 3223 accepti.
564 3150 622 3206 Sed
645 3169 706 3222 pras
729 3152 875 3222 paucitate
906 3169 960 3206 sua
988 3150 1027 3206 ud
1054 3140 1251 3205 lacessendam
1281 3149 1357 3204 bello

312 3232 485 3305 Hispaniam
513 3235 610 3291 minus
640 3236 710 3307 apti,
737 3241 834 3289 tamen
864 3252 956 3306 regno
984 3233 1174 3304 Portingaliae
1198 3232 1357 3303 plurimum

310 3320 492 3388 profuerunt,
515 3319 585 3390 quia
604 3321 675 3375 satis
695 3320 784 3375 sortes
804 3324 887 3374 erant
904 3317 941 3374 ad
954 3318 1166 3374 defendendum
1177 3317 1249 3372 fines
1261 3319 1354 3388 regni,

278 3462 281 3469 ,
310 3409 341 3457 et
360 3402 576 3475 impediendum
596 3403 753 3475 Hispanos,
773 3403 822 3458 vel
840 3422 877 3457 ne
898 3403 1041 3459 intrarent
1058 3420 1182 3474 rognum
1199 3402 1354 3466 hostiliter,

309 3486 356 3540 vel
375 3506 428 3558 pre
446 3489 522 3544 votis
543 3487 649 3543 damna
665 3487 768 3542 ineolis
780 3487 954 3558 irrogarent.
991 3487 1117 3558 Hispani
1129 3504 1207 3550 vcro,
1221 3491 1355 3557 putantes
1369 3497 1424 3548 The

310 3589 341 3625 se
365 3573 524 3642 plurimum
547 3573 715 3644 profuturos
739 3572 765 3627 si
793 3572 978 3627 Ulixibonam
1007 3571 1181 3634 obsiderent,
1207 3571 1238 3625 in
1268 3589 1354 3641 quam
1369 3565 1504 3627 Spaniards

308 3662 451 3711 nostrates
470 3664 679 3721 concesserant,
700 3654 838 3711 adhibitis
855 3657 979 3711 navibus
998 3662 1028 3710 et
1038 3656 1236 3727 Hispanorum
1249 3673 1355 3725 magna
1367 3632 1468 3758 llffissg

309 3741 403 3806 turba,
435 3741 538 3796 urbem
566 3739 715 3796 obsidione
745 3740 907 3806 vallarunt3
946 3739 998 3796 sed
1027 3745 1095 3794 tune
1120 3739 1220 3794 datum
1244 3745 1288 3794 est
1311 3739 1482 3815 eiswffichj⁸

308 3843 481 3894 cognoscere
506 3825 645 3881 virtatem
669 3824 843 3896 Anglorum.
891 3823 969 3879 Nam
993 3842 1060 3880 eum
1083 3841 1136 3895 per
1159 3823 1267 3878 multos
1291 3823 1353 3878 dies
1366 3846 1474 3882 sueces-

307 3909 409 3964 urbem
433 3909 697 3974 circumsedissent,
723 3914 753 3964 et
782 3907 856 3963 nihil
885 3914 992 3979 praetor
1021 3908 1144 3962 verbera
1174 3914 1204 3962 et
1234 3912 1354 3962 cruenta
1366 3897 1479 3961 fullydss·

306 3994 429 4048 vulnera
457 3993 562 4049 lucrati
601 3991 734 4057 fuissent,
772 3992 898 4057 tandem,
930 4010 998 4047 cum
1033 3991 1172 4047 dedecore
1209 3991 1352 4047 solventes
1365 3965 1509 4082 ffiffi?

307 4077 495 4142 obsidionem,
516 4077 553 4132 ad
571 4079 690 4150 propria
712 4083 904 4132 recesserunt.
952 4076 1107 4132 Nostrates
1131 4075 1232 4146 igitur,
1253 4092 1352 4130 eorum
1364 4097 1479 4163 English·

306 4168 513 4232 cognoscentes
531 4161 687 4233 ignaviam,
701 4161 767 4232 plus
780 4160 900 4216 arrimati
912 4167 990 4225 sunt,
1010 4166 1040 4215 et
1057 4158 1163 4231 saepius
1175 4177 1228 4230 pro
1240 4159 1352 4213 viribus

306 4251 337 4299 et
347 4262 467 4301 numero
480 4242 627 4318 Hispanos
640 4246 797 4309 irritantes,
808 4244 997 4316 expectabant
1008 4243 1146 4298 audacius
1160 4243 1192 4297 in
1203 4242 1350 4308 termille,

306 4326 397 4386 donec
412 4331 548 4387 fortassis
566 4349 602 4386 er
618 4330 729 4403 Anglia
746 4331 846 4403 plures
864 4329 1020 4386 bellatores
1032 4327 1219 4384 mitterentur
1231 4325 1351 4382 eisdem.

305 4532 356 4601 De
385 4536 529 4603 raberto
557 4558 633 4623 quea
663 4532 804 4620 coatipit
831 4529 971 4616 Aspera
1000 4529 1044 4595 ta
1072 4529 1352 4598 Tumultuatione

461 4639 685 4706 Raeticarum
708 4644 737 4703 et
760 4634 915 4702 ultorum
940 4632 1194 4700 Garamantum.

343 4790 430 4846 Circa
448 4797 564 4860 tompus
582 4788 665 4855 illud,
679 4786 844 4858 Angloram
861 4801 997 4854 regnum,
1011 4783 1203 4854 propeccatis
1222 4783 1351 4855 affligen-

307 4874 387 4938 dum,
407 4893 545 4945 magnum
569 4879 688 4945 repente
706 4879 736 4926 et
759 4868 922 4925 inauditum
956 4867 1068 4921 cunctis
1101 4867 1215 4922 saeculis
1247 4869 1353 4923 sensite

309 4960 370 5014 suis
386 4959 527 5025 ‚membris
546 4956 729 5029 dispendium
753 4971 919 5018 emanasse;
946 4951 1024 5021 quod
1047 4944 1103 5006 alsi
1129 4951 1219 5017 Deus,
1239 4953 1352 5007 miseri·⁴

359 5183 365 5212 ¹
378 5179 499 5246 supplied
510 5179 575 5230 trem
587 5164 658 5230 Bibl.¹
666 5177 730 5243 Reg.
746 5180 775 5226 to
791 5175 822 5226 E.
835 5174 871 5225 ix.
884 5192 890 5224 z
909 5171 1013 5224 omitted
1023 5171 1050 5222 in
1063 5170 1105 5224 rba
1114 5171 1212 5237 printed
1224 5179 1297 5224 texts.
