3750 6250
497 1083 561 1145 482
828 1093 960 1143 ruens
982 1090 1215 1143 waramum

328 1288 396 1339 Al).
410 1292 483 1338 ital.
499 1287 647 1343 tionalitcr
663 1287 866 1342 remissionem
878 1292 909 1340 et
926 1284 1063 1356 gratiam,
1077 1290 1107 1341 et
1123 1283 1386 1341 manumissionem
1404 1286 1557 1358 promisit,
1567 1290 1636 1344 m

493 1372 696 1428 eommumbus
720 1372 867 1427 occultare
893 1375 925 1426 et
950 1370 1092 1426 ¹reticere
1116 1374 1293 1434 statuerunt,
1312 1369 1410 1426 donec
1429 1388 1468 1426 ea
1490 1360 1636 1444 qnaessttl

493 1456 616 1526 petituri
639 1464 723 1511 erant
739 1457 776 1510 de
794 1456 919 1521 Abbatc,
944 1472 997 1526 per
1015 1455 1061 1509 sas
1086 1459 1138 1510 aut
1162 1454 1245 1509 nefas
1271 1455 1415 1527 consequi
1444 1426 1629 1527 potuis-h

494 1545 575 1605 aent;
598 1545 633 1595 ut
649 1540 790 1595 videlicet
807 1540 833 1594 si
851 1540 895 1595 eis
921 1540 1085 1596 adversitas
1102 1538 1164 1595 ulla
1188 1555 1245 1610 pro
1269 1538 1329 1594 hiis
1347 1538 1379 1594 in
1398 1546 1557 1611 posterum

494 1625 632 1689 oriretur,
661 1626 878 1680 excusationem
901 1623 1105 1696 scrupulosam
1137 1628 1258 1695 possent
1293 1624 1498 1695 praetendere,
1526 1644 1557 1681 se

495 1712 610 1767 scilicet
638 1719 706 1768 ante
736 1712 970 1783 divulgationem
997 1712 1108 1767 chartas
1140 1712 1272 1782 praeintas
1299 1712 1366 1767 baeo
1392 1714 1511 1785 petisse
1527 1721 1558 1769 et

495 1797 656 1852 obtinuisse
666 1820 674 1863 ;
686 1805 827 1869 tanquam
838 1796 1019 1852 ²noluissent
1035 1797 1162 1852 scienter
1173 1796 1395 1853 contravenires
1405 1798 1555 1854 mandatis

494 1883 597 1953 regiis,
631 1900 699 1938 oum
728 1889 830 1954 aperto
855 1882 1008 1938 constabat
1031 1899 1080 1936 eos
1105 1888 1136 1936 et
1158 1882 1286 1936 scienter
1313 1888 1346 1937 et
1373 1882 1553 1946 voluntarie,

495 1966 548 2023 sod
565 1966 673 2032 dolose,
692 1985 752 2022 non
781 1973 843 2022 tam
865 1968 987 2038 petisse,
1013 1983 1101 2037 quam
1118 1983 1186 2022 oum
1210 1965 1375 2023 terroribus
1407 1972 1441 2024 et
1466 1968 1553 2024 minis

494 2052 661 2117 extorsisse,
682 2053 800 2107 chartas
817 2059 983 2125 proetaetas.

327 2125 401 2189 ’Μ
412 2138 463 2204 ‘¹3
530 2135 638 2206 Igitur,
651 2141 686 2191 ut
701 2136 818 2208 praelati
835 2154 948 2201 snmus,
971 2136 1019 2191 die
1036 2136 1157 2193 ethera
1175 2137 1347 2209 praemissis,
1366 2137 1554 2194 intraverunt

325 2198 482 2307 w
495 2238 642 2276 cameram
677 2220 801 2277 masas
836 2222 964 2292 majoros
999 2221 1186 2285 villanorum,
1211 2228 1243 2278 et
1268 2223 1355 2293 juxta
1384 2225 1552 2280 sonoram

326 2324 449 2375 Μῶα
495 2306 665 2360 hesternum
689 2307 806 2361 chartas
833 2305 980 2362 libertatis
1006 2308 1166 2378 exquirunt
1184 2324 1252 2363 cum
1275 2308 1431 2373 instantia,
1453 2317 1484 2364 et
1500 2327 1552 2382 pro

327 2393 421 2443 Abbot
494 2391 572 2445 rotis
588 2390 746 2461 accipiunt,
765 2390 840 2463 ipsis
858 2390 1038 2448 dictantibus
1058 2408 1124 2462 quae
1141 2392 1287 2457 volebant,
1301 2399 1333 2447 et
1350 2392 1465 2451 clerieo
1482 2394 1552 2451 assi·

495 2472 631 2528 dentibus
648 2480 680 2529 et
696 2474 869 2539 matus,
882 2474 976 2531 donec
992 2476 1026 2532 in
1042 2492 1145 2532 eorum
1162 2477 1319 2548 prasentia
1329 2484 1440 2533 cuncta
1458 2477 1553 2534 forent

494 2557 612 2619 inserta,
636 2575 702 2627 qnae
719 2574 773 2628 pro
791 2576 893 2613 eorum
919 2559 1056 2615 libertato
1087 2560 1203 2615 fuerant
1226 2560 1382 2626 meditati;
1407 2562 1454 2616 sio
1475 2564 1551 2617 enim

494 2640 646 2709 oportebat
663 2641 737 2703 fieri,
752 2643 821 2710 quia
837 2641 968 2697 noudum
985 2644 1072 2698 turba
1088 2642 1174 2715 pleno
1193 2644 1301 2708 sedata,
1320 2663 1380 2700 non
1397 2648 1552 2718 pacificato

494 2724 598 2787 iuerat,
625 2723 678 2778 sed
707 2726 804 2779 omnia
828 2727 923 2781 adhuc
949 2728 1119 2782 turbulenta
1142 2728 1270 2791 fuerunt,
1291 2734 1322 2784 et
1348 2730 1551 2803 intranquilla

493 2806 619 2863 Obtenta
636 2815 735 2864 autem
746 2811 847 2866 charta
864 2811 1025 2867 secundum
1042 2812 1223 2867 voluntatem
1240 2814 1401 2884 propriam,
1413 2816 1454 2869 de
1471 2816 1551 2871 villar

494 2891 680 2949 libertatibus
711 2894 843 2950 chartam
867 2896 1036 2967 exquirunt,
1061 2895 1179 2967 qualem
1212 2913 1290 2968 saepe
1321 2902 1551 2955 memoravimus

327 2986 400 3050 They
411 2976 638 3034 oomeAbbatem
660 2985 712 3035 aut
728 2979 884 3034 monachos
902 2980 1070 3036 nullatenus
1094 2980 1240 3036 habuisse.
1286 2981 1346 3037 Sed
1364 2984 1436 3054 quia
1453 2987 1550 3041 minus

326 3062 449 3133 Ῥίων
493 3061 588 3117 valuit
605 3063 663 3117 isto
680 3063 728 3117 die
747 3079 834 3134 quum
852 3063 917 3118 heri
934 3063 1112 3119 mstioorum
1130 3065 1260 3130 audaoia,
1281 3082 1339 3121 non
1357 3072 1418 3122 tam
1437 3069 1551 3125 fervido

326 3119 438 3236 ’,ἓξὲξ
494 3149 642 3203 instabant
666 3166 720 3219 pro
745 3150 847 3204 eadem
872 3157 908 3204 ut
933 3150 1033 3220 prius3
1062 3149 1115 3205 sed
1141 3150 1349 3221 obligationem
1375 3154 1419 3207 eis
1447 3161 1552 3226 petunt

326 3253 476 3318 thedleged
495 3233 568 3297 fiori,
591 3240 622 3288 et
646 3233 746 3302 sigillo
769 3233 894 3289 Abbatis
913 3241 944 3290 et
962 3235 1130 3291 Conventus
1152 3235 1272 3299 firmari,
1292 3237 1329 3291 de
1355 3237 1439 3292 millo
1466 3239 1550 3294 libris

326 3321 434 3371 Chanar
444 3319 474 3368 of
496 3317 713 3387 sterlingorum,
730 3318 809 3388 quod
827 3318 854 3374 si
871 3318 950 3373 idem
968 3318 1068 3374 Abbas
1087 3320 1162 3374 citra
1178 3319 1287 3375 festum
1304 3320 1551 3379 Annunoiationis

327 3387 437 3464 11139111θῦ
495 3401 595 3456 Beate
615 3400 750 3469 Virginis
768 3402 897 3473 aliquam
915 3403 1005 3457 talem
1029 3403 1160 3458 chartam
1187 3403 1318 3459 invenire
1342 3407 1461 3477 poterit,
1485 3426 1550 3462 eam

327 3454 447 3568 Xffitthe
496 3487 611 3539 villanis
630 3488 766 3540 restituet
784 3487 847 3540 sine
872 3487 948 3541 dolo.
998 3487 1037 3541 Et
1063 3489 1087 3542 si
1114 3488 1196 3543 nulla
1222 3489 1290 3544 talis
1314 3490 1416 3544 charta
1440 3495 1547 3562 poterit

421 3558 426 3568 ¹
496 3571 627 3640 reperiri.
656 3588 775 3640 paratus
803 3572 859 3625 erit
883 3572 991 3626 Ablias.
1012 3590 1079 3625 eum
1106 3573 1257 3628 duodecim
1291 3575 1454 3629 senioribus
1491 3596 1549 3630 mo·

494 3655 594 3708 nachis
622 3655 801 3712 llonasterii,
830 3656 1045 3723 adjurandam
1071 3675 1159 3727 snper
1177 3658 1403 3721 Eucharistiam,
1433 3679 1466 3713 so
1485 3662 1550 3715 nul·

495 3741 552 3793 lam
571 3739 738 3807 hujusmodi
758 3740 887 3793 chartam
903 3758 992 3809 penes
1012 3759 1042 3794 se
1062 3742 1188 3795 scienter
1203 3743 1339 3805 retinere,
1353 3761 1407 3797 nee
1420 3744 1547 3810 babere3

496 3834 524 3877 et
543 3836 647 3877 extunc
665 3823 767 3877 volunt
796 3824 1004 3891 obligationem
1032 3826 1181 3894 praefatam
1209 3825 1319 3879 nullius
1345 3845 1409 3880 csso
1434 3829 1550 3883 roboris

496 3919 546 3961 aut
558 3907 674 3962 talaria.
713 3908 812 3962 Abbas
825 3918 921 3961 :tutem
942 3915 971 3962 et
989 3910 1103 3973 fratrea,
1119 3928 1191 3979 (piros
1210 3910 1319 3964 dudum
1338 3912 1446 3964 nimius
1467 3913 1551 3968 dolor

496 3993 635 4047 afflixerat
660 3992 695 4046 do
723 3993 977 4047 irrationabilitate
1004 3994 1188 4058 villanorum,
1213 3996 1275 4065 jam
1300 4006 1451 4051 cernentes
1472 4000 1550 4053 miti·

496 4089 593 4146 gatam
625 4094 688 4131 esso
718 4077 883 4131 hesternam
912 4079 1063 4142 santiam,
1082 4080 1199 4147 ,gaudio
1234 4080 1328 4150 gavisi
1359 4089 1436 4143 sunt,
1471 4085 1549 4152 quod

496 4167 685 4232 conceperant
704 4179 785 4232 spem
804 4162 934 4216 salvandi
962 4163 1149 4228 llonasterii;
1170 4172 1199 4218 et
1217 4183 1251 4219 co
1270 4164 1395 4235 amplius
1422 4184 1549 4237 congau-

329 4291 360 4339 T}
397 4292 456 4341 ΑΜ)
474 4248 610 4341 tdebant,
635 4247 711 4317 quod
725 4248 879 4317 sperabant
891 4248 1012 4301 meliora
1029 4266 1104 4301 nora
1123 4248 1158 4302 dc
1178 4249 1267 4317 Regis
1288 4251 1387 4303 audire
1407 4250 1546 4310 dominia.

328 4308 438 4406 regim
458 4308 472 4341 ⁰
495 4339 525 4386 et
551 4331 729 4399 subjectione
754 4332 932 4385 rusticorum
950 4333 980 4385 in
999 4332 1146 4401 proxim03
1166 4335 1291 4387 maximo
1316 4334 1384 4402 quia
1403 4334 1547 4390 Dominus

328 4441 460 4474 assurnnee
494 4418 584 4483 Hugo
605 4416 743 4484 chrave,
763 4412 855 4482 Regis
876 4417 1070 4480 SenescalluS,
1085 4423 1114 4470 et
1134 4417 1276 4471 Dominus
1295 4419 1420 4472 Thomas
1440 4419 1545 4490 Peroy,

328 4493 466 4554 ofsupport
492 4502 611 4563 milites,
632 4501 776 4554 Abbatem
803 4502 1039 4555 confortaverunt
1064 4501 1127 4570 ipso
1154 4502 1219 4567 die3
1251 4503 1417 4556 litteraliter
1443 4505 1545 4574 praeci

327 4559 604 4686 ffitshgffipientcs
623 4587 704 4641 utin
722 4586 866 4641 universis
889 4593 1004 4657 pareret
1028 4587 1110 4656 vulgi
1139 4587 1336 4657 petitionibus
1365 4589 1463 4643 sciens
1492 4610 1545 4661 pro

329 4707 389 4738 (01⁸8.

974 4757 1106 4761 --------
1138 4758 1258 4761 —*
1305 4758 1544 4768 ›--—--—-———

528 4879 534 4907 ¹
547 4880 650 4941 recipere
662 4878 687 4925 in
700 4880 763 4941 orig.
776 4882 824 4927 and
840 4880 880 4927 the
893 4881 993 4941 printed
1062 4879 1207 4927 volutarat
1219 4881 1244 4928 in
1257 4882 1319 4945 orig.
1332 4885 1381 4930 and
1391 4884 1434 4931 the
1444 4884 1545 4947 printed

492 4965 564 5004 texts.
600 4957 734 5006 Correeted
752 4959 816 5005 from
836 4959 902 5007 llibl
928 4960 990 5022 Reg.
1044 4969 1117 5008 texts,
1152 4961 1285 5012 Correetcd
1303 4963 1366 5011 srorn
1385 4963 1452 5013 Bibl.
1480 4966 1545 5029 Reg.

497 5042 523 5080 ta
538 5036 565 5081 11,
580 5035 613 5081 ix.
1048 5043 1075 5085 13
1088 5038 1117 5088 Ε.
1130 5037 1164 5088 ix.
