3750 6250
489 1097 532 1163 68
813 1105 943 1156 THOMAE
965 1103 1197 1158 wammam

323 1301 509 1356 A.1).1sst.“
528 1298 603 1353 tium
617 1296 730 1362 fscors;
758 1294 827 1366 quia
843 1310 896 1349 neo
913 1294 981 1365 ipsi,
1000 1310 1054 1349 neo
1077 1293 1304 1365 predecessores
1322 1292 1379 1359 sni,
1399 1310 1452 1349 seu
1468 1302 1574 1365 pro-lt

491 1385 509 1409 “
529 1381 684 1452 genitores,
698 1396 825 1450 unquam
838 1378 969 1433 lecerunt
980 1378 1134 1432 servitium
1145 1379 1176 1432 in
1187 1383 1266 1433 terra
1277 1377 1337 1433 illa.
1382 1376 1422 1432 Ilt
1432 1393 1534 1448 quun·
1545 1369 1574 1422 Π

491 1469 509 1493 ‘⁴
529 1465 634 1519 visita
657 1469 742 1527 osset,
764 1461 841 1534 quod
864 1461 1002 1516 deberent
1029 1462 1069 1516 ibi
1097 1463 1249 1517 servitium
1268 1462 1371 1526 lacere,
1391 1467 1427 1517 ut
1443 1436 1574 1555 elihu&

492 1554 510 1577 “
530 1555 627 1604 tamma
655 1565 712 1602 non
741 1547 848 1601 habent
876 1546 1045 1601 facultatem
1072 1545 1214 1612 faciendi;
1235 1547 1305 1617 quia
1328 1545 1416 1601 nimis
1434 1545 1535 1601 afflicti
1569 1541 1574 1555 '

492 1638 510 1661 “
531 1643 598 1688 sunt
622 1649 675 1704 per
700 1630 816 1686 diversa
832 1630 974 1700 talliagia,
995 1630 1111 1693 auxilia,
1136 1631 1241 1702 prisas,
1263 1629 1402 1685 videlieet
1418 1629 1455 1685 <le
1473 1629 1533 1685 fru-

492 1722 510 1745 “
529 1717 644 1780 mentis,
664 1715 772 1778 avenis,
791 1714 902 1776 braseo‚
928 1713 1013 1776 lanis,
1033 1714 1129 1776 coriis,
1150 1713 1251 1778 bobus,
1271 1714 1378 1778 vaccis,
1398 1713 1534 1770 carnibus

490 1805 509 1829 “
529 1800 623 1863 salsis,
643 1800 705 1854 sine
722 1798 863 1853 solutione
879 1797 1003 1867 alicujus
1022 1796 1133 1852 denarii
1151 1797 1187 1851 de
1206 1797 1311 1869 quibus
1330 1814 1362 1853 se
1375 1797 1535 1854 debuerunt

490 1890 508 1911 “
529 1889 714 1939 sustentasse.
749 1881 873 1953 Propter
890 1881 945 1935 hoe
963 1878 1072 1944 dieunt,
1087 1880 1164 1951 quod
1182 1881 1322 1936 auxilinm
1339 1897 1397 1936 non
1413 1887 1536 1954 possm

489 1972 508 1996 ‘⁴
528 1968 623 2023 faeere
648 1963 810 2037 ¹[propter]
830 1969 1030 2036 paupertatem
1049 1964 1079 2018 in
1098 1983 1156 2035 qua
1174 1973 1250 2028 sunt,
1270 1971 1388 2036 propter
1413 1964 1536 2037 tallagio

490 2055 508 2079 ‘⁶
529 2058 558 2106 et
575 2051 669 2121 prisas
694 2047 870 2113 antedictas;
891 2048 1026 2119 quisvis
1044 2048 1152 2103 habent
1169 2048 1246 2103 unde
1264 2066 1295 2103 ss
1314 2055 1487 2114 sustentent,
1507 2056 1538 2104 et

490 2134 614 2190 “multi
639 2139 707 2188 sunt
734 2133 784 2204 qui
814 2131 925 2186 nullam
953 2132 1191 2187 sustentationem
1217 2132 1332 2197 habent,
1361 2150 1415 2189 nec
1444 2139 1537 2189 terras

490 2223 509 2247 “
530 2236 597 2274 suas
615 2217 709 2272 colere
727 2222 856 2286 possunt.
912 2213 1036 2285 Propter
1060 2215 1122 2271 huso
1148 2221 1210 2271 tota
1236 2222 1322 2272 terrae
1346 2218 1538 2273 communitas

491 2306 509 2330 ‘⁶
530 2301 618 2357 sentit
636 2318 666 2354 se
685 2299 768 2355 valde
787 2305 947 2369 gravatam,
962 2298 1032 2368 quia
1043 2316 1100 2353 non
1111 2305 1274 2355 tractantur
1285 2299 1446 2356 seeundum
1458 2300 1538 2371 leges

491 2390 509 2414 “
530 2393 560 2441 et
577 2382 798 2439 eonsuetudines
816 2389 911 2445 terre,
932 2382 1091 2437 secundum
1110 2402 1182 2454 quas
1200 2385 1320 2439 tractari
1341 2391 1538 2440 antecessores

492 2474 510 2497 ‘¹
531 2470 576 2523 sui
595 2468 724 2523 solebant
747 2467 863 2531 habere,
890 2466 942 2520 sed
967 2466 1130 2522 voluntarie
1156 2467 1356 2524 exeluduntur.
1404 2468 1540 2524 Sentinnt

492 2558 509 2580 ‘⁶
530 2554 617 2608 etiam
636 2570 666 2605 so
684 2550 770 2605 multi
794 2557 929 2620 gravatos
957 2567 1044 2621 super
1070 2550 1133 2614 hoo,
1160 2551 1236 2623 quod
1263 2551 1394 2607 solebant
1419 2552 1538 2607 tractari

492 2640 510 2664 “
531 2634 688 2691 secundum
707 2633 844 2689 articulos
856 2640 1006 2688 contentos
1023 2633 1055 2687 in
1072 2633 1181 2704 Magna
1193 2634 1310 2699 Charta,
1324 2635 1409 2706 cujus
1421 2634 1537 2692 articuli

492 2724 630 2773 “omnes
661 2724 729 2771 sunt
758 2717 869 2780 omissi,
901 2717 932 2770 in
962 2716 1058 2787 majus
1088 2716 1226 2772 damnmn
1256 2718 1362 2790 populo
1391 2720 1536 2775 universo.

492 2808 510 2830 “
530 2802 653 2872 Propter
672 2800 749 2872 quod
766 2805 871 2869 rogant
894 2798 1044 2854 dominum
1069 2807 1201 2856 nostrum
1219 2801 1341 2872 Regem,
1364 2802 1443 2873 quod
1466 2802 1538 2859 velit

492 2892 509 2913 ⁶·
529 2887 587 2939 ista
613 2885 759 2954 corrigere
778 2883 816 2937 ad
832 2883 971 2937 honorem
989 2901 1075 2938 suum
1099 2891 1129 2939 et
1155 2885 1255 2957 populi
1274 2886 1319 2940 sui
1338 2886 1534 2942 salvationem.

492 2969 654 3039 “Propter
678 2969 740 3022 haec
767 2968 958 3022 communitas
984 2974 1071 3022 terras
1098 2970 1187 3024 sentit
1213 2987 1244 3024 se
1271 2970 1358 3025 nimis
1384 2978 1536 3042 gravatam

492 3059 510 3080 ‘⁶
530 3053 566 3107 de
584 3053 688 3107 Assiss
714 3052 853 3115 Forestae,
877 3069 942 3122 quae
960 3069 1017 3106 non
1036 3059 1082 3107 est
1098 3052 1244 3109 custodita
1268 3054 1345 3109 sicut
1368 3056 1534 3120 consuevit;

491 3144 509 3166 “
529 3157 582 3193 neo
598 3138 706 3193 Charta
724 3137 853 3191 Forestoe
871 3136 1058 3203 observatum
1079 3138 1130 3192 sed
1148 3138 1222 3193 fiunt
1245 3140 1469 3195 attachiamenta
1485 3156 1536 3212 pro

491 3230 508 3249 ‘·
530 3222 615 3278 libitu
633 3228 714 3277 extra
731 3222 863 3285 assisam,
886 3221 971 3276 aliter
996 3239 1083 3290 quam
1101 3222 1165 3276 fieri
1184 3223 1343 3278 consuevit.
1381 3223 1534 3288 Praeterea,

493 3312 511 3333 ‘⁶
532 3313 595 3361 tota
620 3306 813 3361 communitas
841 3304 931 3359 sentit
949 3321 980 3358 se
999 3311 1150 3374 gravatam
1172 3305 1208 3360 de
1229 3306 1367 3376 vectigali
1394 3307 1534 3372 launum

492 3396 509 3416 ‘⁶
530 3390 608 3461 quod
632 3390 720 3444 nimis
739 3396 785 3443 est
802 3406 965 3451 onerosum,
988 3388 1126 3444 videlicet
1143 3389 1178 3445 de
1197 3390 1329 3460 quolibet
1346 3408 1430 3446 sacco
1448 3390 1534 3462 quad·

492 3477 510 3500 “
530 3476 647 3544 raginto
665 3472 782 3535 solidos,
797 3479 827 3527 et
845 3472 880 3525 (lo
899 3472 966 3526 lana
991 3472 1084 3527 fracta
1102 3473 1137 3526 de
1159 3474 1291 3544 quolibet
1315 3492 1399 3529 saeco
1427 3483 1534 3547 septem

492 3563 510 3584 “
530 3576 660 3622 marces3
680 3557 747 3611 lans
772 3558 848 3610 enim
867 3556 983 3626 Angliae
1008 3556 1138 3611 ascendit
1163 3559 1225 3611 fers
1243 3558 1279 3612 ad
1296 3559 1426 3613 valorem
1448 3558 1534 3614 medi·

492 3648 510 3670 '⁶
530 3643 615 3696 etatis
634 3642 723 3696 totius
743 3649 836 3703 terrae,
860 3647 890 3695 et
910 3640 1037 3710 vectigal
1063 3640 1140 3711 quod
1163 3641 1230 3697 inde
1256 3642 1388 3707 solvitur,
1408 3641 1535 3699 ascendit

492 3730 509 3752 ‘¹
530 3725 567 3779 ad
585 3725 714 3796 quintam
733 3732 845 3795 partem
863 3723 971 3777 valoris
989 3724 1079 3779 totius
1097 3730 1192 3778 terrae.
1231 3723 1305 3794 Quia
1322 3743 1392 3781 voro
1410 3744 1533 3783 eommu-

492 3813 510 3837 “
530 3810 605 3864 nitas
625 3814 705 3879 optat
728 3809 865 3862 honorem
892 3814 923 3861 et
950 3807 1072 3862 salutem
1098 3808 1214 3863 domino
1238 3816 1337 3864 nostro
1356 3810 1442 3881 Regi,
1462 3811 1534 3866 sicut

491 3899 644 3948 “tenetur
671 3892 755 3953 rollo,
784 3908 840 3944 non
867 3890 984 3945 videtur
1009 3892 1061 3953 eis,
1084 3891 1160 3962 quod
1184 3892 1223 3947 sit
1248 3892 1284 3947 ad
1308 3892 1416 3949 bonum
1434 3893 1532 3965 Regis,

491 3983 509 4006 ⁴‘
530 3977 607 4048 quod
632 3980 760 4030 transeat
778 3975 807 4028 in
827 3974 1003 4038 Flandriam,
1029 3975 1086 4029 nisi
1110 3976 1177 4047 plus
1195 3982 1273 4031 esset
1299 3984 1482 4033 assecuratus
1498 3976 1532 4031 de

491 4066 509 4090 ‘⁶
530 4060 765 4121 Flandrensibus‚
786 4076 838 4128 pro
856 4077 887 4111 sc
906 4065 936 4112 et
954 4076 1006 4128 pro
1032 4065 1118 4128 gente
1138 4077 1208 4125 sua;
1228 4065 1258 4114 et
1275 4060 1362 4114 simul
1382 4079 1449 4115 cum
1469 4062 1530 4125 hoc,

491 4152 509 4174 “
529 4152 646 4218 propter
673 4150 781 4197 terram
801 4140 915 4203 ScotiOE,
939 4160 1004 4211 qum
1022 4142 1164 4197 rebellare
1182 4143 1292 4213 incipit,
1312 4143 1376 4214 ipso
1394 4145 1531 4200 existente

491 4231 560 4285 “in
586 4235 681 4291 terra;
709 4230 739 4279 et
764 4224 916 4287 aestimant,
941 4225 1018 4295 quod
1042 4226 1127 4297 pejus
1154 4226 1269 4290 facient,
1291 4243 1357 4280 oum
1383 4227 1529 4283 certificati

491 4320 509 4342 ‘⁴
530 4314 646 4374 luerint,
676 4309 752 4381 quod
770 4308 832 4362 Rex
855 4326 934 4362 marc
960 4310 1115 4364 transierit.
1171 4310 1233 4364 Neo
1259 4310 1352 4366 solum
1378 4330 1432 4382 pro
1456 4318 1531 4367 terra

491 4404 509 4425 ‘⁶
531 4398 644 4457 Scotiae.
677 4394 729 4449 sed
755 4394 843 4447 etiam
869 4410 921 4463 pro
948 4395 1034 4448 torris
1061 4394 1136 4459 aliis,
1167 4412 1231 4465 quoe
1257 4411 1315 4449 non
1341 4402 1410 4450 sunt
1439 4395 1529 4452 adhue

491 4488 509 4509 ⁴*
529 4482 613 4536 modo
632 4479 729 4534 debito
747 4477 943 4532 stabilitatu’·

324 4568 473 4620 Ansverof
524 4567 586 4620 Has
604 4566 757 4636 petitiones
776 4579 842 4616 cum
860 4561 922 4615 Rex
941 4561 1017 4632 apud
1035 4560 1168 4625 Odemcr,
1185 4562 1269 4632 juxta
1280 4562 1527 4637 Wynohelseyam,

325 4635 433 4686 ΠΜ
489 4650 654 4720 recepisset,
679 4646 828 4718 respondit
854 4663 884 4699 so
911 4645 1018 4699 talibus
1043 4664 1100 4700 non
1126 4662 1210 4716 posse
1235 4647 1296 4701 sine
1326 4663 1379 4702 suo
1404 4647 1529 4704 Consilio

323 4701 427 4755 ‘hm'
490 4732 678 4804 respondere,
699 4732 782 4802 cujus
808 4748 875 4800 pars
893 4729 992 4800 aliqua
1014 4730 1076 4800 jam
1094 4731 1198 4785 mansit
1216 4730 1246 4784 in
1263 4730 1439 4797 Flandriam,
1463 4750 1528 4805 pars

493 4915 685 4923 —————-
693 4915 766 4920 --......

657 5052 663 5080 ¹
673 5049 784 5101 Omitted
801 5049 828 5099 io
838 5050 918 5114 orig.;
934 5049 956 5099 it
967 5063 1071 5113 appears
1083 5049 1109 5099 in
1121 5049 1164 5101 the
1175 5049 1273 5113 printed
1284 5055 1358 5101 texts.
