3750 6250
274 1335 304 1388 bl.

274 3049 302 3099 bl.

646 1135 810 1186 maroam
824 1134 1031 1186 ananelus
1317 1119 1382 1192 267

334 1321 412 1377 Nam
430 1328 460 1379 et
477 1323 574 1395 ipsum
593 1323 698 1380 Scotns
716 1325 747 1379 in
764 1325 864 1389 latere,
886 1324 937 1380 sed
962 1342 1020 1380 non
1045 1325 1181 1389 letaliter,
1207 1325 1549 1382 vulneravit.A.1).1345.

333 1407 496 1479 Episcopus
514 1427 533 1463 a
551 1408 646 1464 Sectis
664 1410 701 1464 ab
719 1426 794 1480 equo
813 1415 843 1463 et
862 1410 926 1481 ipse
945 1410 1091 1481 dejicitur,
1112 1417 1142 1465 et
1159 1427 1232 1481 pene
1251 1410 1381 1480 capitur;

334 1491 385 1545 sed
413 1509 532 1547 snorum
557 1493 697 1547 laudabili
722 1493 866 1564 probitate
894 1499 924 1549 et
950 1511 1025 1564 equo
1052 1494 1207 1548 restitutus
1233 1499 1286 1557 est,
1313 1499 1343 1549 et
1367 1511 1384 1547 a

335 1575 488 1631 Scotorum
518 1576 650 1631 manibus
680 1577 831 1631 liberatus.
881 1577 920 1631 Et
950 1578 1083 1646 quamvis
1115 1577 1194 1631 Secti
1223 1577 1280 1631 visi
1317 1582 1385 1632 sunt
1398 1589 1487 1638 lloseat
1500 1590 1551 1638 and

333 1660 428 1730 primo
458 1667 576 1732 propter
601 1678 684 1715 suam
714 1660 931 1715 multitudinem
961 1661 1129 1731 praevalere,
1162 1661 1384 1715 commendabili
1397 1655 1550 1737 ttigbtoftln·

333 1753 431 1798 tamen
451 1745 616 1815 Anglorum
634 1746 796 1801 constantia
813 1745 886 1800 victi
907 1752 984 1804 sunt.
1004 1746 1105 1800 multis
1124 1746 1228 1800 occisis
1247 1755 1277 1799 et
1294 1746 1382 1815 pluri·
1398 1729 1477 1774 ΜΘΗ·

333 1827 389 1881 bus
408 1829 571 1899 captivatis.
609 1828 734 1892 Interea,
763 1829 881 1883 Domini
907 1829 943 1883 de
969 1829 1062 1900 Percy
1081 1835 1111 1883 et
1135 1829 1171 1882 de
1196 1829 1320 1901 Nevyle,
1350 1848 1385 1882 ex

333 1917 416 1982 parte
443 1930 508 1977 rma,
535 1913 678 1968 Dominus
703 1914 740 1967 de
765 1913 848 1983 Lucy
875 1929 910 1967 ex
935 1913 1002 1976 alia,
1035 1921 1064 1968 et
1089 1914 1148 1968 viri
1175 1913 1211 1967 de
1237 1912 1384 1968 comitatu

334 1995 511 2051 Laneastriae
531 1996 681 2062 ¹externae,
703 1997 814 2060 Scotos,
831 1997 894 2068 jam
905 1997 1008 2066 requie
1026 2002 1056 2051 et
1076 1996 1198 2067 prandio
1216 1997 1381 2060 destitutis,

335 2081 365 2134 in
393 2080 454 2135 suis
490 2082 623 2137 tentoriis
650 2081 788 2136 invadere
812 2081 1020 2147 condixerunt;
1050 2080 1128 2151 qnod
1155 2081 1236 2135 Scoti
1260 2098 1312 2152 per
1337 2099 1384 2135 cx-

334 2165 494 2232 ploratores
520 2172 735 2236 cognoscentes,
756 2170 822 2220 ante
850 2166 996 2220 dictorum
1017 2165 1209 2220 Dominorum
1228 2165 1383 2221 adventum

334 2249 466 2304 insuam
484 2251 607 2320 patriam
626 2250 796 2305 meticulose
815 2250 963 2318 sugerunt.

334 2463 408 2532 Rea
445 2464 557 2531 ἐσιέναι
593 2463 791 2542 Francicus,
830 2472 860 2530 et
898 2464 990 2551 capit
1033 2465 1212 2531 dictionum
1222 2490 1237 2545 ,·
1276 2473 1384 2533 aaut

451 2565 670 2645 Pilurdiom,
695 2573 725 2631 et
752 2566 880 2633 transit
903 2589 1034 2653 equam
1060 2567 1101 2632 dc
1125 2567 1272 2635 Summe.

369 2706 454 2760 Anno
472 2705 575 2777 gratim
593 2705 749 2759 millesimo
768 2705 972 2761 trecentesimo
991 2706 1216 2778 qrradragesimo
1230 2713 1319 2770 sexte,
1335 2706 1384 2778 qui
1398 2711 1466 2762 Μ).
1481 2716 1551 2761 1346.

333 2795 379 2846 est
396 2809 488 2845 onnus
505 2790 590 2861 regni
609 2790 701 2859 Regis
719 2790 865 2854 Eduardi,
880 2808 897 2843 a
910 2789 1087 2860 Oonqnarstu
1100 2791 1202 2853 Tertii,
1217 2791 1383 2854 vicesimus,
1399 2783 1530 2856 Sutssss'fb't'ss

333 2874 396 2929 Rex
420 2874 590 2937 Edwardus,
611 2874 709 2928 missis
728 2873 764 2927 ad
784 2872 904 2928 Curiam
922 2873 1084 2927 Romanam
1102 2874 1210 2927 litteris
1230 2874 1260 2926 in
1279 2846 1546 2962 qr1ilrns‘l'2fflffin

333 2959 459 3013 asseruit
489 2976 540 3029 per
567 2958 680 3029 Regem
709 2957 839 3011 Francia]
871 2957 1040 3028 Philippum
1071 2961 1100 3011 et
1130 2957 1193 3028 ejus
1218 2959 1383 3029 complices,
1398 2979 1502 3028 pram..

333 3044 420 3097 certis
439 3043 599 3114 rationibus
618 3042 785 3112 assignatis,
808 3048 928 3110 treugas
948 3059 1013 3094 esse
1031 3041 1164 3099 violatas.
1191 3059 1290 3096 mense
1310 3041 1386 3095 Julii

274 3129 277 3160 ²
334 3128 483 3199 ingressus
503 3133 547 3182 est
564 3146 654 3191 rna-re,
675 3127 705 3180 in
725 3126 798 3181 festo
820 3126 918 3180 Sancti
937 3126 1055 3179 Thomas
1073 3123 1305 3197 archiepiscopi,
1326 3144 1385 3178 nm·

333 3212 418 3267 nibus
452 3212 653 3282 ignorantibus
690 3228 829 3281 quorsum
859 3209 1000 3265 tenderet.
1060 3209 1188 3263 Tandem
1215 3208 1384 3281 2cujusdam

274 3321 314 3381 ph,
334 3296 436 3350 militis
458 3295 494 3349 de
513 3296 703 3358 Har-ecourte,
725 3312 818 3365 nnper
839 3293 874 3347 de
895 3293 1020 3347 Francia
1041 3292 1177 3362 exlegati,
1203 3293 1234 3347 in
1252 3294 1384 3348 Australi

274 3394 312 3445 ,u
334 3387 416 3452 parte
446 3380 633 3434 Normannire
663 3378 740 3449 apud
773 3378 906 3447 Hogges,
945 3378 1030 3448 juxta
1073 3377 1238 3447 Sequanam
1278 3378 1385 3431 ssamen

335 3465 491 3537 applicuit;
512 3482 578 3519 mox
602 3463 752 3518 Oadonum
772 3462 918 3516 hostiliter
939 3462 1100 3532 ingressae,
1124 3462 1210 3533 cepit,
1237 3462 1383 3533 spoliavit,
1399 3472 1549 3537 capturum*

334 3549 510 3613 combussit;
537 3556 566 3603 et
591 3554 692 3619 postca
715 3546 822 3600 multas
848 3547 944 3600 urbe-s.
994 3546 1107 3601 Verum
1132 3547 1202 3617 (pria
1229 3546 1384 3618 Philippus
1399 3542 1474 3591 0²²⁰st

333 3632 395 3688 Rex
425 3632 556 3687 Francia·
587 3638 687 3702 pontes
718 3630 870 3683 fluminum
893 3648 997 3684 versus
1028 3630 1182 3685 Franciam
1212 3631 1243 3685 in
1273 3633 1385 3687 cunctis

333 3718 403 3772 locis
432 3717 537 3788 quibus
558 3715 698 3771 transitus
720 3713 784 3785 ejus
804 3731 868 3767 esso
893 3719 1015 3784 poterat,
1040 3720 1105 3769 unte
1133 3716 1326 3786 confregerat,
1350 3735 1386 3771 no

334 3801 456 3856 facultas
484 3799 602 3854 daret-ur
621 3798 795 3852 exercitibus
821 3796 997 3865 confligendi
1024 3797 1061 3851 ad
1088 3798 1221 3862 invicem,
1242 3800 1305 3854 Rex
1329 3801 1387 3854 Ed·

333 3884 448 3939 waralus
478 3883 687 3937 Narmanniam
712 3880 883 3951 penetrarit,
909 3880 958 3933 lin
989 3899 1041 3935 sno
1066 3883 1192 3937 transitu
1216 3883 1386 3939 Pikardiarn

334 3969 496 4024 devastavit
518 3980 547 4021 ct
559 3966 758 4036 conflagravit.
774 3971 803 4018 et
816 3964 932 4018 tandem
945 3965 1064 4018 veniens
1077 3966 1246 4031 Prisianum,
1262 3968 1386 4022 fractum

335 4062 450 4125 pontem
481 4051 590 4106 ibidem
612 4049 703 4120 jussit
732 4048 870 4118 repara-ri.
921 4048 1054 4111 Interim,
1083 4050 1186 4103 (lomes
1211 4051 1386 4121 Nortlramp-

334 4139 429 4201 tonius,
439 4138 547 4190 flumen
561 4136 703 4204 Sequania
716 4132 869 4196 transiens,
882 4133 1057 4203 qningcntos
1071 4150 1106 4187 ex
1118 4134 1178 4188 illis
1192 4136 1242 4204 qni
1256 4137 1386 4205 puntinrn

333 4223 542 4295 reparationem
571 4219 712 4290 impedire
743 4217 929 4281 conabantur,
963 4217 1078 4271 eccidit.
1138 4218 1206 4271 Mox
1237 4217 1298 4271 Rex
1329 4220 1386 4272 Ed·

333 4307 457 4371 irardus,
479 4304 685 4359 sexto-decimo
705 4301 751 4355 dic
771 4301 909 4372 Augusti,
943 4300 1105 4370 Seruianam
1128 4302 1234 4355 flamen
1257 4310 1386 4372 pertran-

334 4391 420 4451 siens,
453 4390 577 4461 patriam
599 4387 765 4457 ubicunqne
794 4384 932 4456 perrexit,
955 4384 1145 4438 circumcirca
1164 4385 1315 4448 destruxit,
1337 4387 1385 4440 tle·

334 4474 536 4545 praelatusque
567 4480 613 4526 cst
649 4471 729 4525 illias
763 4469 882 4532 incolas,
915 4475 945 4522 et
980 4469 1147 4538 captivarit.
1203 4467 1319 4537 Aquam
1349 4470 1385 4523 de

336 4558 463 4621 Summe,
479 4557 528 4610 nbi
541 4564 627 4610 antea
645 4572 790 4626 nnsrpram
804 4554 860 4607 luit
877 4551 1028 4614 transitns,
1050 4551 1158 4604 illaesus
1172 4570 1237 4604 rnrn
1257 4558 1317 4606 tuto
1333 4573 1385 4607 sno

369 4846 415 4891 'aa
440 4842 511 4891 arria
531 4839 558 4888 in
576 4838 619 4889 the
638 4838 738 4902 printed
758 4843 832 4903 texta⁸
884 4832 1063 4884 Continuation
1109 4836 1139 4883 of
1180 4835 1329 4899 Murimutlr,
1364 4839 1385 4889 is

334 4919 573 4971 anainnsnibt
597 4915 832 4982 lreg.1sl·:.ix.;
884 4914 988 4963 omitted
1005 4913 1070 4963 bere.
1105 4914 1128 4962 lt
1145 4913 1166 4963 is
1178 4915 1283 4967 omitted
1294 4918 1347 4969 also
1359 4917 1385 4967 in

335 5002 468 5065 con-pepp,
886 4992 941 5042 MS.
954 4992 1021 5041 Bibl.
1034 4993 1098 5057 lleg.
1115 4999 1143 5042 la
1156 4994 1184 5044 n.
1198 4994 1233 5045 ix.

368 5080 442 5131 3Τίιε
463 5081 533 5129 word
553 5078 634 5138 dueta,
651 5076 726 5141 given
746 5075 773 5124 in
793 5074 835 5125 the
918 5076 961 5123 ''rt
973 5073 998 5122 ia
1021 5072 1049 5122 in
1061 5072 1103 5124 tbe
1115 5074 1214 5137 printed
1228 5082 1302 5126 texts.
