3750 6250
494 1097 535 1162 66
819 1111 949 1161 morin
970 1109 1207 1161 wemmam

324 1296 559 1352 emissemus
590 1297 713 1368 Duglas,
745 1313 782 1351 ne
812 1296 984 1367 proditionis
1014 1301 1112 1350 notam
1143 1296 1334 1360 incurrerent,
1372 1315 1404 1353 se
1433 1298 1466 1353 iu
1500 1297 1584 1354 ruia

326 1390 453 1453 Hostanes
494 1384 709 1438 excusationem
735 1382 868 1452 protinus
899 1380 1094 1446 dediderunt;
1122 1380 1158 1436 de
1186 1381 1292 1451 quibus
1322 1381 1486 1455 Episcopus
1515 1370 1584 1438 inll

326 1472 426 1507 WB·
494 1474 590 1522 castre
607 1466 642 1520 de
662 1465 875 1536 Rokesburgia,
895 1465 1062 1522 Willelmus
1080 1466 1200 1522 veroin
1219 1473 1314 1523 castro
1332 1467 1469 1534 Hernici,
1482 1484 1547 1524 ene
1558 1503 1584 1555 E

325 1525 409 1576 dm
495 1551 582 1606 todire
600 1551 812 1622 mancipantur.

325 1632 482 1682 Parliament
530 1634 759 1689 Parliamentum
771 1634 881 1689 factum
899 1640 945 1688 est
962 1634 1016 1688 hoe
1034 1651 1108 1688 armo
1125 1633 1290 1699 Londoniis,
1309 1635 1341 1688 iu
1359 1635 1434 1691 leste
1447 1634 1547 1692 Sancti

325 1699 474 1750 Mende·
494 1718 575 1773 Petri
594 1717 632 1772 ao
648 1716 792 1783 vincul„
814 1716 863 1772 un
891 1718 921 1770 in
940 1718 1043 1787 primis
1070 1717 1134 1772 nex
1153 1719 1264 1789 recepit
1287 1717 1546 1791 aehiopum

326 1766 481 1898 ffio‘ssfffh
494 1804 525 1857 in
543 1802 668 1872 gratiam
687 1818 787 1868 suam;
807 1801 951 1864 omnibus,
981 1819 1046 1871 quar
1072 1801 1136 1871 ejus
1154 1808 1246 1866 erant,
1272 1802 1418 1857 restitutis
1442 1801 1546 1857 eidem.

327 1900 483 1968 caterbas,
495 1885 606 1941 Deinde
625 1886 764 1958 praecepit
781 1886 966 1956 magnatibus
995 1886 1045 1955 qui
1070 1890 1140 1940 tuno
1166 1884 1294 1949 aderant,
1320 1892 1354 1941 ut
1376 1885 1547 1942 fidelitatem

327 1968 461 2034 pardoued.
494 1971 554 2025 filio
573 1988 626 2025 suo
645 1971 781 2033 facerent,
801 1969 957 2040 ipsumque
969 1969 1054 2038 regni
1072 1968 1227 2033 haeredem,
1248 1976 1278 2025 et
1295 1987 1391 2033 suum,
1414 1969 1545 2026 futurum

494 2066 735 2126 recognoscerent
753 2054 910 2108 dominum.
958 2052 1020 2107 Rex
1044 2070 1114 2107 rere
1138 2053 1175 2107 de
1193 2053 1389 2109 exactionibus
1408 2054 1439 2108 iu
1456 2072 1546 2126 regno

495 2140 580 2195 saetis
598 2157 651 2211 per
668 2139 856 2195 necessitates
874 2137 1051 2194 ¹werrarum
1064 2137 1254 2204 diversarum,
1274 2156 1306 2194 se
1324 2155 1397 2208 erga
1406 2139 1546 2211 populum

495 2224 653 2279 excusavit.

327 2278 454 2396 {mxl
531 2307 636 2363 (lomes
654 2324 723 2362 vero
734 2306 901 2361 Marescalli
914 2312 944 2361 ot
955 2305 1189 2369 Heresordousis,
1204 2323 1235 2360 se
1248 2305 1461 2371 subtrahentes,
1480 2325 1546 2364 oum

327 2415 378 2463 ,nd
388 2412 447 2461 Earl
457 2397 677 2461 ofroeareutur,
691 2395 725 2445 ut
738 2408 791 2444 sua
802 2390 905 2454 officia,
923 2389 1099 2445 transeundo
1119 2390 1149 2444 iu
1160 2388 1337 2455 Flandriam,
1351 2387 1543 2456 ²exereerent,

327 2479 454 2530 Hereford
495 2493 527 2531 se
546 2493 633 2547 super
651 2476 705 2530 hoe
723 2492 776 2545 per
793 2475 914 2529 nuncies
933 2474 1117 2528 excusabant.

328 2547 465 2597 ‘belluim
531 2560 664 2630 Denique
695 2559 757 2613 Rex
782 2560 854 2630 ipse,
886 2559 989 2612 sunere
1017 2558 1116 2613 fratris
1146 2557 1201 2621 eui,
1234 2575 1308 2613 anno
1338 2560 1488 2629 praeterito
1516 2559 1546 2614 in

328 2614 420 2741 “widi
495 2644 649 2700 Wascenia
669 2644 805 2706 defuncti,
820 2644 898 2714 apud
909 2642 1201 2697 westmonasterium
1221 2640 1361 2714 ³sepultiu
1380 2643 1544 2708 honorifice,

327 2694 589 2810 {ffingfofusque
607 2728 644 2783 ad
664 2727 802 2782 Sanctum
819 2727 967 2781 Albanum
985 2727 1194 2798 proficiscitur;
1221 2725 1272 2781 ubi
1295 2726 1331 2781 de
1355 2727 1547 2785 discretorum

328 2829 471 2877 Lame„
496 2812 617 2867 consilio
635 2811 821 2881 Radulphum
837 2810 873 2864 de
891 2810 1097 2881 Moynhermer
1121 2810 1255 2874 militem,
1288 2829 1374 2881 quem
1406 2812 1468 2868 filia
1496 2830 1547 2868 sua

328 2894 412 2958 Rulph
424 2896 455 2944 de
498 2896 638 2958 Johamia,
654 2895 810 2951 Comitisso
822 2894 997 2959 Gloverniee,
1012 2894 1087 2949 clam
1099 2896 1237 2949 maritum
1249 2897 1370 2966 accepit,
1385 2897 1416 2951 in
1428 2915 1546 2967 gravem

329 2975 467 3053 Μῡῖῐξῐῑθῐ-
497 2982 589 3052 patris
608 2980 755 3042 offensam,
776 2979 811 3033 de
831 2978 934 3034 Castro
957 2978 1115 3033 Bristollim
1134 2979 1205 3033 seeit
1223 2978 1317 3042 educi,
1337 2986 1368 3034 et
1386 2982 1470 3035 uxori
1488 2999 1547 3038 sua

328 3042 459 3160 megdhbffi
498 3066 596 3132 reddi;
625 3065 782 3120 restituens
810 3064 851 3118 eis
876 3081 975 3117 omnes
1002 3070 1096 3118 terras
1121 3062 1159 3116 ad
1184 3063 1359 3117 comitatum
1386 3063 1546 3120 Glovemia

329 3116 476 3230 ffiwrssgw
498 3156 670 3222 spectantes,
691 3150 843 3204 seruitium
863 3149 1076 3218 quinquaginta
1092 3147 1220 3202 militum
1244 3149 1274 3201 in
1295 3147 1433 3204 Flandria
1457 3151 1545 3221 impe·

329 3243 444 3295 hiswile.
497 3254 568 3291 nens
588 3235 707 3289 eisdem.
755 3233 904 3287 Liberavit
922 3233 1011 3286 etiam
1029 3231 1065 3285 de
1091 3249 1206 3286 carcere
1227 3231 1355 3286 Comites
1373 3232 1409 3286 de
1427 3234 1546 3289 Aseelee

498 3327 529 3376 et
546 3319 687 3381 Menteth,
708 3336 740 3372 ac
760 3317 922 3371 Johannem
942 3316 1062 3387 Comyn,
1086 3334 1153 3370 cum
1171 3315 1345 3385 quibusdam
1364 3317 1431 3372 aliis
1449 3318 1546 3374 militi·

497 3404 553 3458 bus
567 3404 602 3457 de
617 3404 723 3465 Sectis,
739 3402 789 3471 qui
808 3402 838 3455 iu
851 3407 947 3455 castro
966 3400 1001 3454 de
1020 3399 1141 3456 Dunbar
1159 3401 1236 3472 capti
1249 3400 1383 3467 sacreum
1402 3409 1438 3458 ut
1449 3420 1545 3459 seeum

497 3488 528 3542 iu
547 3487 685 3541 Flandria
702 3487 871 3540 militarent.

330 3592 439 3641 Edword
534 3572 662 3625 collecto
688 3570 812 3639 denique
838 3570 967 3623 exercitu
993 3569 1108 3639 qrialem
1126 3569 1233 3623 habere
1256 3572 1360 3640 potuit,
1384 3570 1494 3626 Thema
1510 3572 1544 3627 dc

330 3658 433 3708 collecte
444 3676 476 3710 au
498 3656 658 3723 Berkeleye
673 3654 901 3716 Constabulario,
923 3662 953 3707 et
975 3653 1106 3707 Galfrido
1125 3653 1161 3707 de
1173 3653 1351 3709 ⁴Joinivilba
1362 3655 1543 3720 Marescalle,

330 3735 447 3789 ffl'mlotO
498 3741 591 3803 laetis,
612 3757 714 3793 versus
734 3757 822 3797 mare,
843 3740 873 3791 in
891 3737 1059 3791 Flandriam
1076 3738 1268 3808 profecturus,
1295 3740 1351 3793 iter
1373 3758 1459 3794 suum
1475 3740 1543 3794 diri·

330 3807 467 3912 ffiffi
497 3827 560 3894 git;
589 3829 677 3892 atque
699 3824 784 3892 juxta
808 3822 1061 3892 Wyncbelseyam
1090 3822 1141 3876 ubi
1169 3829 1284 3892 portum
1312 3824 1451 3893 elegerat,
1479 3842 1542 3880 eon-

330 3926 394 3977 derg,
497 3909 582 3971 sedit,
605 3908 712 3962 milites
734 3908 869 3976 virosque
895 3906 1049 3960 bellatores
1084 3906 1119 3960 de
1145 3906 1269 3964 diversis
1295 3909 1428 3978 partibus
1453 3909 1490 3964 ad
1514 3928 1543 3965 se

496 3994 681 4053 confluentes,
703 4009 754 4062 per
773 3990 834 4044 dies
853 3991 965 4059 aliquot
983 3990 1166 4060 expectando

331 4097 437 4146 Nan-ow
533 4078 610 4130 Dum
624 4076 685 4129 Rex
697 4075 878 4128 lnioraretur
896 4073 1013 4135 ibidem,
1029 4073 1153 4144 quadam
1171 4075 1218 4128 die
1237 4074 1273 4127 ad
1290 4084 1407 4145 portum
1426 4079 1469 4131 ire
1487 4079 1543 4133 dis·

329 4179 416 4227 escape
425 4166 455 4214 of
496 4163 602 4234 posuit,
632 4160 866 4215 consideraturus
893 4159 1054 4228 navigium,
1084 4158 1161 4227 quod
1187 4159 1344 4213 adunatum
1371 4162 1467 4217 suerat
1493 4180 1544 4234 pro

334 4231 475 4347 {fililffim
496 4247 624 4300 exercitu
656 4262 708 4297 sue
740 4245 769 4296 in
799 4241 967 4295 Flnndriam
999 4243 1219 4296 transvehendo.
1284 4242 1366 4299 Villa
1391 4258 1490 4301 autem
1508 4246 1542 4300 de

336 4377 384 4412 eet.

442 4300 462 4347 l'
496 4331 532 4382 W
533 4329 711 4400 purehilseya.
733 4327 780 4380 nbi
802 4336 903 4395 portus
925 4334 996 4384 erat,
1018 4334 1243 4396 supermontem
1262 4327 1376 4381 sitaest
1390 4342 1543 4401 prmruptae

496 4414 668 4471 altitudinis.
697 4430 731 4465 ex
757 4429 791 4463 eo
816 4410 905 4461 lutere
932 4428 989 4478 qno
1014 4409 1061 4463 vel
1080 4428 1159 4463 nia-re
1184 4410 1313 4480 respicit,
1340 4412 1388 4465 vel
1414 4414 1543 4468 imminet

498 4499 614 4550 navium
633 4495 766 4558 stationi3
796 4493 872 4547 mule
892 4494 948 4553 vin,
970 4511 1034 4561 qum
1053 4502 1160 4563 apertio
1177 4494 1256 4547 villar
1275 4493 1393 4549 deducit
1418 4497 1455 4550 ad
1478 4515 1541 4568 por·

497 4592 568 4639 turn.
588 4599 643 4634 non
664 4581 692 4634 in
719 4580 871 4638 directum,
904 4595 939 4629 nc
964 4578 1055 4632 nimia
1083 4577 1248 4632 declivitate
1278 4578 1484 4636 descendentes
1513 4583 1542 4635 iu

530 4860 535 4887 ¹
542 4876 683 4922 generorum
696 4860 720 4906 in
734 4859 867 4907 Camdeu's
879 4866 940 4905 text.
1069 4857 1223 4908 *Mercibilzo
1246 4860 1272 4908 in
1284 4861 1327 4911 the
1338 4863 1439 4926 printed
1457 4870 1537 4914 texts:

528 4941 694 4986 ²exeereeren!
706 4939 732 4986 in
744 4938 807 5001 orig.
1036 4936 1160 4986 domicillo
1173 4939 1198 4986 in
1211 4939 1360 5005 Rishanger.

529 5022 537 5046 ³¹
552 5018 591 5065 rin
605 5033 673 5065 error
686 5018 723 5064 lor
734 5017 830 5080 sepulto.
1070 5021 1218 5067 ‘moreretur
1238 5019 1265 5067 in
1277 5020 1341 5085 orig.
