3750 6250
749 1128 914 1179 HISTORIA
928 1128 1136 1181 ANGHGANA.
1397 1119 1461 1181 441

286 1300 313 1351 S·
325 1302 393 1353 Bibl.
422 1307 453 1361 in
471 1307 550 1371 feta3
569 1323 588 1360 a
605 1304 667 1360 suis
684 1303 768 1376 prius
791 1304 1010 1376 impotionatus,
1035 1309 1071 1359 ut
1087 1303 1195 1368 ferunt,
1221 1304 1352 1373 satisque
1375 1294 1637 1376 poeni-A·D·1³⁸⁰·

296 1450 336 1486 11.

286 1382 319 1445 ὅ·
336 1374 366 1420 ¹³
422 1397 487 1446 teus
511 1389 550 1456 ,de
574 1389 762 1445 suscitatione
785 1388 857 1443 belli
883 1387 988 1459 injusti
1010 1392 1112 1443 contra
1134 1404 1259 1458 regnum
1283 1387 1411 1459 Angliae,
1439 1392 1469 1442 et
1482 1380 1615 1431 Theduke

422 1473 586 1529 adhaesione
611 1473 774 1544 Antipapae.
810 1471 876 1541 Qui,
908 1489 976 1526 cum
1005 1471 1127 1526 consilio
1156 1488 1276 1526 suorum
1305 1489 1468 1542 procerum,
1481 1447 1640 1563 {sBmfflm'

423 1559 535 1613 Ducem
553 1556 744 1628 Burgrmdiae,
762 1556 911 1627 juniorem
933 1555 1047 1612 scilicet
1063 1556 1186 1611 fratrem
1204 1572 1299 1620 suum,
1320 1530 1585 1644 constituitpgigptgd

422 1642 508 1713 regni
525 1641 705 1697 F'rancorum
727 1647 879 1704 rectorem,
905 1645 1062 1710 antequam
1085 1645 1257 1705 moreretur,
1283 1640 1369 1711 eique
1393 1658 1470 1696 com·
1483 1646 1640 1711 guardiam

423 1725 572 1781 mondavit
593 1724 710 1797 parvuli
734 1724 787 1778 filii
818 1724 865 1779 sui
889 1724 1042 1794 omnisque
1066 1723 1169 1779 domus
1195 1742 1255 1779 suae
1279 1724 1411 1789 tutelam,
1437 1741 1471 1779 eo
1484 1712 1588 1765 him·

424 1810 502 1881 quod
518 1809 679 1865 infantulus
703 1808 831 1863 nondum
855 1814 940 1879 aptus
966 1808 1063 1863 fuerat
1085 1807 1122 1863 ad
1142 1807 1334 1879 regnandum.

458 1893 681 1965 Andegavensis
697 1898 795 1949 autem
813 1891 890 1956 Dux,
903 1891 998 1963 major
1013 1892 1106 1947 frater
1127 1892 1240 1956 Karoli‚
1261 1898 1329 1964 post
1347 1898 1472 1948 mortem
1484 1898 1604 1965 Jeulousy

424 1978 497 2050 ejus,
516 1994 595 2048 tegre
609 1978 705 2032 ferens
725 1975 732 2007 ¹
736 1975 884 2047 juniorem
900 1976 1021 2032 fratrem
1037 1976 1094 2032 sibi
1110 1976 1274 2047 praelatum,
1288 1974 1366 2046 (nam
1378 1976 1416 2031 ad
1427 1977 1470 2048 ip·
1483 1965 1631 2017 mifssi‘d

424 2080 490 2118 sum
508 2062 621 2116 ratione
641 2060 737 2116 aetatis
757 2065 926 2130 spectasset,
944 2065 979 2115 ut
996 2060 1132 2125 assernit,
1152 2061 1237 2131 regni
1253 2059 1367 2131 tutela),
1383 2061 1473 2133 coepit
1483 2030 1640 2150 fflisshgm'

424 2145 574 2202 adversari
591 2144 745 2199 manifeste
766 2144 833 2208 sibi,
851 2144 1017 2199 adherente
1033 2161 1094 2199 suae
1112 2144 1189 2214 parti
1202 2143 1328 2199 Domino
1345 2145 1381 2200 de
1396 2143 1471 2200 Glis-
1483 2136 1560 2215 »ὦ
1570 2167 1602 2216 of

425 2248 477 2285 son
488 2235 520 2285 et
530 2227 677 2284 nonnullis
688 2228 755 2282 eliis
767 2226 803 2282 de
815 2228 1027 2299 potentioribus
1039 2228 1179 2299 regionis.
1205 2229 1295 2284 Facta
1306 2235 1352 2284 est
1362 2229 1472 2285 diesen·
1485 2231 1580 2295 Anjou.

426 2315 469 2369 sio
486 2312 605 2384 publica
621 2317 709 2381 atque
726 2311 840 2366 notoria
856 2312 1012 2376 intereos,
1031 2312 1075 2366 ita
1095 2318 1129 2367 ut
1148 2329 1222 2384 pene
1245 2312 1312 2384 plus
1336 2313 1474 2368 timerent

425 2397 552 2451 invicem
565 2395 737 2451 ulterutram
751 2392 964 2460 crudelitatem,
979 2412 1067 2466 qnam
1081 2396 1174 2451 nostri
1188 2396 1333 2451 exercitus
1345 2395 1471 2467 Anglioe,

426 2482 477 2551 qui
495 2485 565 2535 tunc
589 2479 708 2550 impune
726 2477 837 2551 circum
864 2478 975 2549 patrias
993 2478 1144 2549 equitabat
1160 2477 1289 2545 'eorum
1314 2480 1473 2551 potentiam

426 2566 488 2620 sive
506 2563 753 2619 numerositatem.
791 2560 858 2616 Dux
875 2568 974 2618 tamen
997 2562 1188 2633 Burgundiae,
1208 2570 1242 2619 ut
1259 2563 1424 2620 ostenderet
1441 2582 1473 2620 se
1486 2579 1628 2631 Thenuke

426 2648 562 2703 idoneum
579 2647 664 2718 regni
677 2645 845 2709 Custodem,
863 2645 928 2716 jam
945 2652 1015 2702 tunc
1040 2664 1108 2701 cum
1132 2648 1227 2703 fratre
1242 2648 1398 2720 confligere
1416 2666 1474 2703 non
1486 2646 1516 2695 of
1522 2647 1641 2710 Burgun-

425 2730 573 2803 reputavit
595 2730 760 2801 expediens,
786 2729 901 2798 quando
925 2736 1059 2785 cerneret
1081 2736 1225 2786 nostrates
1245 2732 1473 2803 circumquaque
1486 2715 1520 2778 ‘¹5
1532 2714 1634 2763 ⁰⁰¹¹⁰⁰¹⁸

425 2815 565 2887 patriotas
582 2814 736 2883 perimere,
755 2812 881 2884 patriam
898 2817 1014 2868 vastare
1033 2818 1094 2867 tum
1113 2813 1231 2868 flemma
1247 2832 1335 2886 quam
1356 2815 1471 2887 gladicz
1486 2780 1616 2897 {13⁰3

426 2914 516 2969 quare
534 2896 657 2953 collecta
673 2895 752 2968 apud
774 2896 876 2950 urbem
901 2895 938 2950 de
956 2896 1060 2966 Troys,
1085 2913 1143 2966 qua
1160 2897 1265 2968 potuit,
1284 2899 1473 2954 multitudine
1486 2913 1602 2979 English,

426 2982 462 3036 de
480 2986 541 3036 tota
557 2986 637 3036 terra
654 2985 761 3051 praeter
778 2985 872 3035 terras
889 2978 1113 3050 Andagavensis
1137 2980 1228 3036 Ducis
1247 2987 1278 3037 et
1300 2980 1419 3037 Domini
1437 2982 1474 3038 de

426 3065 551 3130 Olisson,
584 3081 657 3135 quas
687 3064 776 3120 seivit
808 3070 927 3136 propter
957 3069 1147 3118 memoratam
1177 3063 1388 3120 dissensionem
1418 3067 1475 3121 sibi

425 3166 527 3221 parere
544 3149 631 3213 nolle,
651 3147 689 3203 ad
706 3165 860 3202 numerum
877 3148 938 3202 fere
957 3154 1083 3218 quatuor
1103 3148 1230 3203 millium
1247 3156 1434 3214 armatorum,
1449 3157 1477 3206 et

426 3234 462 3288 de
480 3233 626 3288 communi
643 3231 729 3303 plebe
746 3249 854 3302 magna
871 3231 1070 3297 multitudine,
1091 3233 1195 3287 statuit
1205 3239 1368 3288 nostratum
1386 3235 1477 3306 impe-

426 3317 489 3372 dire
505 3317 592 3381 viem,
609 3315 705 3371 cosin
722 3315 827 3370 itinere
840 3315 1053 3387 praeveniendo,
1070 3322 1104 3371 ut
1118 3332 1234 3386 quoquo
1251 3323 1337 3388 pacto
1351 3317 1476 3389 compel-

428 3402 502 3456 leret
519 3401 557 3456 ad
580 3398 780 3471 pugnandum.
814 3398 899 3467 Quod
918 3405 953 3454 ut
969 3399 1078 3454 uostris
1102 3406 1149 3455 est
1166 3407 1357 3471 compertum,
1377 3401 1475 3457 decre·

426 3491 531 3540 verunt
555 3485 683 3539 Francos
708 3482 872 3554 praecedere
900 3483 963 3539 sine
990 3500 1081 3547 more,
1112 3500 1149 3537 ne
1179 3484 1254 3540 forte
1284 3485 1327 3540 eis
1357 3485 1476 3557 aliquod

425 3569 666 3640 impedimentum
689 3567 858 3638 contingere
875 3573 984 3638 posset,
1004 3567 1030 3622 si
1049 3565 1155 3622 Gallici
1173 3585 1223 3623 eos
1240 3570 1472 3640 precessissent:

426 3660 457 3708 ct
473 3654 584 3707 factum
601 3658 647 3707 est
663 3652 716 3716 ita,
735 3651 910 3722 collectique
928 3658 998 3707 sunt
1016 3652 1110 3707 nostri
1131 3652 1229 3708 subito
1250 3660 1318 3710 aute
1339 3673 1398 3720 eos,
1417 3674 1474 3710 non

425 3736 571 3792 modicum
588 3735 762 3791 mirantibus
781 3735 863 3806 ipsis,
884 3754 942 3807 quo
965 3733 1051 3790 modo
1069 3736 1246 3792 nostratibus
1264 3737 1307 3793 ita
1323 3739 1382 3795 cito
1398 3739 1474 3812 ipso-

424 3839 492 3875 rum
508 3819 664 3875 consilium
689 3818 872 3875 innotuisset.
910 3818 1045 3890 Gumque
1072 3825 1182 3876 certam
1201 3822 1294 3876 nostri
1317 3822 1477 3894 elegissent

426 3904 588 3967 stationem,
605 3901 656 3958 ³et
670 3908 797 3958 armatos
810 3903 980 3959 statuissent
991 3902 1122 3959 ordinate
1141 3910 1171 3960 et
1182 3904 1303 3975 pulchre
1321 3905 1476 3979 dispositos

425 4006 478 4060 per
495 3996 607 4045 turmas
624 4005 702 4051 suas,
721 3986 882 4058 cariagium
902 4004 1029 4058 quoque,
1051 3987 1141 4059 (quod
1158 3988 1361 4046 ⁴“ssrcinas”
1380 3992 1477 4063 appel-

426 4069 532 4142 lamus)
548 4090 567 4126 a
581 4077 667 4141 tergo
680 4070 834 4136 locassent,
848 4070 932 4126 ecce!
947 4070 1067 4141 quidam
1081 4088 1117 4126 ex
1130 4071 1253 4129 Gallicis
1270 4075 1382 4146 egressi
1397 4082 1475 4139 sunt,

425 4155 673 4226 transgredientes
692 4153 838 4225 quandam
864 4171 970 4210 novem
996 4155 1114 4220 fossam,
1141 4175 1229 4227 quam
1254 4158 1345 4212 iidem
1370 4157 1476 4214 Gallici

426 4239 482 4296 sibi
496 4241 626 4295 fecerant
642 4256 696 4310 pro
714 4239 760 4294 sui
775 4240 919 4294 exercitus
937 4238 1043 4310 majori
1061 4241 1213 4306 tutamine,
1232 4240 1270 4296 ad
1287 4242 1475 4313 pugnandum

426 4329 527 4379 contra
543 4328 706 4388 nostrates;
726 4340 799 4393 quos
817 4322 907 4386 illico,
922 4322 985 4378 sine
1003 4324 1109 4394 grandi
1126 4325 1254 4395 negotio,
1275 4325 1394 4395 quidam
1412 4327 1472 4396 ⁸[e]
1489 4320 1544 4371 The

425 4407 532 4462 nostris
551 4407 659 4462 fossum
676 4406 851 4476 relinquere,
866 4413 896 4461 et
913 4407 951 4461 sd
963 4425 1031 4462 suos
1049 4409 1241 4472 retrocedere,
1262 4411 1472 4481 compulerimt
1488 4387 1587 4437 meh
1602 4403 1645 4438 ‘²¹⁰

426 4491 543 4547 obtenta
560 4507 596 4546 ex
613 4490 656 4545 eis
675 4489 776 4546 eadem
794 4490 883 4555 fossa,
896 4496 926 4546 et
937 4490 1039 4547 multis
1054 4509 1142 4562 super
1156 4492 1277 4547 eandem
1295 4493 1471 4552 interfectis:
1486 4455 1601 4571 {reprobed

1487 4588 1590 4652 noyer.

461 4813 467 4842 ¹
480 4811 591 4861 minorem
602 4811 629 4858 iu
642 4811 685 4860 the
697 4809 799 4886 printed
810 4815 885 4860 texts.
976 4817 1043 4861 texts
1056 4833 1063 4863 ι
1076 4815 1205 4863 corrected
1213 4813 1278 4864 from
1287 4815 1354 4867 Bibl.
1364 4822 1393 4867 13
1401 4818 1431 4869 E.
1439 4819 1475 4871 ix.

459 4894 560 4941 ²eorum
585 4889 688 4940 omitted
713 4889 740 4939 iu
764 4889 807 4939 the
832 4889 930 4952 printed
1009 4892 1143 4955 ‘porcinas
1153 4892 1180 4941 in
1193 4892 1236 4943 the
1247 4893 1347 4957 printed
1358 4903 1432 4946 texts.

427 4978 503 5021 texts.
1008 4969 1151 5033 ³Supplied
1178 4971 1244 5020 from
1272 4973 1339 5024 Bibl.
1360 4975 1423 5041 Ileg.
1447 4982 1477 5026 13

461 5051 470 5080 ¹
483 5057 509 5098 ut
529 5048 555 5098 in
574 5047 639 5113 orig.
650 5049 702 5099 and
721 5048 748 5098 in
769 5047 812 5098 tbe
831 5047 930 5113 printed
976 5047 1005 5098 E.
1018 5047 1053 5099 ix.
1066 5050 1116 5097 und
1128 5048 1171 5100 the
1182 5050 1281 5114 printed
1293 5060 1365 5103 texts.
