3750 6250
723 1066 888 1117 maroam
909 1066 1113 1117 anamotus
1427 1052 1446 1117 9

271 1242 382 1324 Μεθ’
402 1254 566 1312 'senectute
584 1255 615 1310 in
632 1255 791 1325 ²cygneam
808 1271 895 1309 versa
912 1254 1049 1309 canitiem
1060 1253 1240 1310 venustabat.
1273 1254 1365 1310 Frons
1379 1254 1446 1320 lata,
1461 1258 1529 1310 Μ).
1544 1263 1615 1312 lete.

270 1308 370 1454 ἓξὲξ*
401 1348 564 1412 caeteraque
588 1340 677 1395 facies
701 1339 834 1410 pariliter
857 1339 1007 1410 disposita,
1028 1356 1062 1393 eo
1086 1345 1214 1410 excepto,
1235 1339 1313 1410 quod
1337 1340 1448 1395 sinistri

270 1416 322 1493 ask
401 1424 477 1480 oculi
495 1424 635 1497 palpebra
652 1424 806 1479 demissior
822 1424 935 1495 paterni
954 1431 1088 1495 aspectus
1108 1424 1330 1479 similitudinem
1354 1426 1449 1496 expri-

399 1509 512 1574 mebat3
540 1509 643 1578 lingua
668 1507 766 1571 blaesa,
794 1509 842 1562 cui
868 1514 966 1562 tamen
990 1508 1090 1563 efficax
1116 1508 1252 1564 facundia
1274 1508 1311 1563 ad
1329 1526 1446 1580 persua·

398 1593 525 1648 dandum
556 1594 585 1648 in
616 1593 703 1647 rebus
732 1610 790 1647 non
826 1592 921 1647 defuit
955 1592 1133 1664 perorandis.
1188 1593 1381 1647 Brachiorum
1411 1594 1448 1649 ad

398 1678 612 1749 proportionem
642 1677 771 1749 corporis
801 1676 935 1731 flexibilis
966 1677 1127 1747 productio,
1154 1676 1260 1748 quibus
1290 1677 1447 1733 vivacitate

397 1763 515 1818 nervios
538 1761 619 1816 nulla
642 1762 785 1833 cujusque
810 1766 893 1816 erunt
910 1761 948 1816 ad
966 1778 1053 1815 usum
1070 1761 1162 1831 gladii
1181 1761 1300 1832 aptiora.
1339 1761 1446 1817 Pectus

397 1847 491 1901 ventri
508 1845 725 1917 praeminebat,
745 1845 943 1915 tibiarumque
966 1844 1055 1915 longa
1078 1844 1184 1899 divisio
1205 1863 1347 1916 equorum
1364 1846 1445 1901 nobi·

397 1931 469 1985 lium
494 1948 582 1985 cursu
610 1936 640 1984 et
665 1930 742 1985 saltu
772 1930 894 1984 sessoris
925 1929 1093 1984 firmitatem
1117 1928 1267 2001 prohibuit
1293 1930 1443 1985 infirmari.

398 2014 471 2069 Cum
489 2021 607 2069 vacaret
624 2015 661 2068 ab
679 2014 778 2076 armis,
795 2014 998 2069 venationibus
1016 2019 1076 2068 tem
1094 2014 1192 2068 avium
1212 2030 1299 2083 quam
1318 2013 1446 2069 ferarum

398 2098 575 2169 indulgebat,
608 2105 638 2152 et
664 2099 789 2153 maxime
815 2115 979 2163 cervorum,
1009 2115 1080 2167 quos
1107 2098 1137 2151 in
1164 2098 1247 2169 cquis
1278 2097 1446 2154 cursoribus

398 2182 507 2237 solebat
531 2183 657 2253 insequi,
684 2182 850 2253 gladioque,
870 2182 934 2236 vice
965 2180 1129 2245 ’venabuli
1160 2182 1313 2236 confodere
1343 2200 1446 2253 appre-

397 2267 510 2321 bensos.

430 2350 523 2420 Quem
541 2351 715 2405 commorari
733 2350 763 2404 in
781 2351 960 2420 protectione
973 2349 1029 2403 Dei
1042 2349 1109 2404 coeli
1121 2355 1222 2404 notum
1234 2355 1306 2404 erat.
1332 2350 1446 2422 Nempe

397 2453 461 2490 cum
480 2435 574 2489 adbuc
593 2434 760 2489 adolescens
778 2439 865 2497 esset,
886 2440 1001 2488 etcum
1026 2432 1151 2504 quodam
1170 2432 1263 2487 milito
1283 2434 1313 2488 in
1331 2452 1447 2490 camera

397 2520 573 2575 testudinata
597 2520 667 2574 ludo
691 2519 830 2574 scaccarii
848 2525 1050 2590 occuparetur,
1071 2517 1176 2581 subito,
1196 2517 1278 2572 nulla
1296 2519 1446 2574 occasione

398 2605 535 2675 premite,
568 2603 643 2658 inter
673 2601 833 2657 ludendum
863 2619 989 2672 surgens
1019 2601 1163 2664 discessit,
1195 2605 1226 2655 ot
1255 2602 1340 2656 ecce!
1371 2601 1446 2673 lapis

398 2690 545 2743 immensa>
562 2687 784 2758 magnitudinis,
804 2687 854 2757 qui
874 2685 1023 2742 sedentem
1042 2691 1273 2757 conquassasset,
1294 2686 1399 2741 cecidit
1416 2687 1447 2741 iu

398 2773 519 2827 eundem
537 2772 634 2826 locum
653 2789 710 2841 qno
729 2770 861 2837 sederat;
887 2777 1006 2842 propter
1025 2769 1102 2840 quod
1120 2770 1304 2834 miraculum,
1324 2770 1446 2825 Beatam

398 2856 520 2911 Mariam
547 2855 625 2927 apud
652 2855 854 2925 Walsingham
883 2855 1075 2925 ⁴propensius
1103 2853 1270 2909 honorabat.
1309 2854 1345 2909 Ei
1375 2872 1445 2911 vero

398 2940 580 3002 attribuebat,
601 2940 679 3010 quod
696 2939 860 3010 periculum
877 2938 971 2993 ⁶istue
989 2939 1091 2993 evasit.

431 3025 530 3079 Inerat
548 3025 575 3078 ei
593 3031 735 3095 preterea
752 3022 923 3093 magnificus
942 3023 1066 3086 animus,
1084 3022 1259 3094 injuriarum
1277 3024 1440 3096 impatiens,
1456 3032 1505 3083 His
1512 3034 1614 3085 charac-

397 3108 592 3180 periculorum
604 3107 738 3163 oblivisci
750 3126 867 3177 cogens,
881 3107 951 3162 dum
969 3106 1112 3163 vindicari
1124 3115 1262 3179 cuperet;
1283 3109 1333 3180 qui
1346 3118 1442 3165 tamen
1455 3106 1500 3152 ω·

399 3194 543 3256 facillime,
576 3193 742 3247 humilitate
767 3192 905 3256 exhibita,
936 3192 1033 3264 potuit
1062 3192 1196 3246 emolliri.
1234 3193 1348 3265 Nempe
1379 3212 1445 3248 curn

398 3277 522 3348 quodam
546 3283 675 3347 tempore
696 3277 781 3347 juxta
808 3277 964 3345 quamdam
988 3277 1083 3347 ripam
1108 3276 1253 3331 falconum
1272 3278 1396 3349 aucupio
1415 3297 1446 3332 se

398 3366 553 3423 exerceret,
570 3378 660 3415 unum
673 3360 709 3413 de
722 3360 877 3415 comitibus
896 3361 958 3414 suis
977 3377 1013 3414 ex
1030 3360 1123 3415 altera
1140 3366 1222 3431 parte
1241 3361 1333 3425 fluvii,
1353 3361 1446 3433 negli-

399 3446 514 3514 gentius
533 3461 564 3499 se
582 3444 736 3499 habentem
760 3443 839 3498 circa
858 3444 1009 3508 falconem,
1030 3462 1095 3515 quse
1114 3449 1228 3498 anatem
1247 3443 1323 3498 inter
1342 3444 1446 3500 salices

398 3530 586 3601 corripuerat,
606 3529 715 3598 arguit,
741 3534 771 3582 et
794 3527 993 3598 objurgationi
1017 3527 1124 3592 minus,
1144 3534 1178 3582 ut
1195 3527 1358 3593 videbatur,
1379 3529 1445 3583 obe·

398 3613 497 3677 dicati,
517 3613 611 3666 minas
630 3611 754 3683 adjecit:
775 3611 878 3675 atille,
892 3609 1043 3666 attendens
1062 3629 1115 3665 neo
1133 3617 1250 3682 pontem
1268 3630 1321 3666 nec
1339 3614 1446 3668 vadum

399 3698 556 3752 consistere
581 3696 611 3749 iu
629 3695 801 3767 propinquo,
821 3695 963 3750 facilitate
982 3695 1107 3766 quadam
1125 3696 1349 3768 respondit;—“
1360 3697 1445 3769 ujass’

398 3781 502 3852 inquit,
537 3779 674 3835 “sufficit
701 3779 773 3833 mihi
801 3779 879 3849 quod
904 3796 956 3833 nos
984 3779 1020 3833 ab
1048 3779 1173 3835 invicem
1203 3779 1309 3835 dividit
1338 3781 1446 3835 flumen

400 3869 416 3893 ‘⁸
430 3864 555 3920 ‘istud”
587 3863 651 3933 Quo
662 3881 801 3935 responso
814 3869 1010 3935 exasperatus,
1025 3863 1103 3917 filius
1116 3863 1208 3932 Regis
1220 3881 1326 3934 aquam
1339 3865 1446 3935 ignota

398 3948 603 4020 profunditatis
629 3949 788 4017 ingressus,
809 3965 885 4019 equo
909 3953 1036 4011 natante,
1058 3946 1193 4002 transivit
1216 3948 1248 4002 iu
1267 3948 1446 4020 crepidinem

397 4033 472 4089 alvei
491 4032 619 4087 fluminis
638 4031 764 4087 decursu
781 4038 922 4096 cavatam,
944 4038 974 4087 et
997 4050 1064 4087 cum
1088 4031 1257 4087 difficultate
1276 4032 1443 4098 ascendens,

397 4117 495 4188 gladio
519 4121 657 4180 annecto,
680 4116 844 4187 insequitur
867 4116 1047 4186 fugientem
1068 4116 1119 4187 qui
1138 4115 1255 4171 tandem
1273 4135 1325 4187 per
1344 4118 1444 4186 fugam

397 4201 553 4272 desperans
572 4199 704 4264 evadere,
724 4206 862 4269 regyrato
880 4218 965 4270 equo,
985 4199 1151 4270 nudatoque
1170 4201 1274 4272 capite,
1294 4200 1445 4254 humiliter

397 4284 503 4339 collum
521 4283 684 4355 praetendit,
705 4290 736 4338 ct
753 4282 888 4338 Edwardi
907 4301 938 4338 se
963 4283 1069 4339 obtulit
1085 4284 1237 4339 voluntati.
1276 4282 1339 4352 Quo
1357 4285 1442 4348 sacto,

397 4369 432 4422 ab
445 4369 560 4439 incepto
573 4385 626 4422 suo
638 4368 758 4431 fractus,
770 4367 864 4438 Regis
877 4367 954 4422 filius
967 4367 1099 4438 gladium
1111 4368 1243 4439 reposuit
1254 4367 1283 4422 in
1296 4367 1441 4436 vaginam.

431 4694 589 4740 'mertsten
608 4691 634 4739 in
655 4689 718 4753 orig.
740 4689 790 4739 and
810 4689 837 4739 iu
856 4689 899 4739 the
978 4689 1116 4739 'tinnabula‘
1126 4690 1152 4740 iu
1164 4690 1227 4755 orig.

399 4771 499 4834 printed
510 4778 584 4819 texts.
979 4772 986 4798 l
995 4771 1141 4833 propcncius
1152 4769 1179 4818 iu
1192 4770 1254 4835 orig.

431 4853 551 4914 ταρπιαηι
574 4849 600 4897 in
624 4847 696 4913 orig,
724 4849 898 4912 erroneously;
978 4851 987 4878 ³
999 4848 1065 4898 istud
1075 4849 1101 4897 in
1113 4850 1155 4899 the
1166 4850 1266 4913 printed
1277 4859 1350 4902 texts.

401 4946 511 4994 φησι
531 4928 558 4977 in
578 4928 730 4993 Bithunger,
752 4929 809 4981 MS.
834 4928 898 4979 Bibl.
977 4928 1097 4991 ‘fluuium
1117 4928 1183 4977 istud
1200 4930 1225 4979 iu
1246 4931 1363 4983 Parker’s
1380 4942 1443 4996 text,

401 5009 463 5072 aeg.
479 5013 508 5059 1³
517 5007 547 5058 E.
555 5007 599 5069 ix,
612 5010 662 5059 aad
669 5009 711 5059 the
720 5009 818 5076 printed
824 5015 897 5058 texu
935 5007 1034 5072 flarius
1046 5009 1090 5058 iate
1101 5008 1128 5058 iu
1140 5009 1272 5062 Camdeu’s
1282 5021 1343 5064 text.
