3750 6250
483 1042 527 1114 72
809 1061 938 1111 uncus
963 1060 1195 1111 ususmensu

318 1255 385 1308 Μ).
399 1255 471 1305 1297.
486 1246 505 1272 “
525 1242 673 1299 voluntate
697 1247 728 1299 ct
751 1261 871 1300 assensn
890 1246 1035 1300 communi
1053 1243 1355 1316 Archiepiscopornm,
1381 1242 1539 1315 Episcopo-
1550 1241 1592 1296 Ele

487 1331 506 1355 “
525 1346 601 1392 rum,
615 1327 770 1393 Abbatum,
785 1334 816 1384 et
832 1328 957 1384 aliorum
973 1329 1175 1393 Praelatorum,
1197 1329 1354 1391 Comitum,
1379 1327 1539 1390 Beronum,
1552 1309 1592 1362 ΠΕ

488 1415 507 1439 “
527 1410 667 1477 Militum,
686 1412 886 1483 burgensium,
907 1413 1079 1468 stallorum
1097 1413 1256 1468 liberorum
1275 1412 1436 1467 hominum.
1553 1377 1592 1494 ,ἐξ

525 1498 544 1521 “
562 1494 672 1550 Nullus
689 1496 823 1551 minister
841 1502 948 1561 noster,
968 1497 1015 1552 vel
1039 1495 1189 1552 heredum
1206 1502 1380 1560 nostrorum,
1400 1495 1433 1550 in
1450 1510 1542 1565 regno

491 1583 508 1605 ‘¹
528 1585 627 1634 nostro
645 1580 741 1650 capiat
757 1579 852 1644 blads,
873 1579 964 1644 lanas,
984 1580 1072 1645 coria,
1092 1586 1144 1635 eut
1161 1580 1261 1650 eliqua
1276 1578 1334 1635 alia
1351 1578 1427 1634 bona
1443 1578 1542 1649 cujus·

490 1667 509 1689 '⁶
529 1679 652 1734 cunque,
673 1664 735 1717 sine
752 1663 901 1719 voluntate
920 1670 951 1719 et
968 1681 1089 1719 assensu
1108 1663 1189 1718 illius
1208 1663 1292 1734 cujus
1311 1663 1429 1717 fuerint.

528 1750 546 1773 “
565 1746 648 1801 Nihil
667 1747 799 1818 capiatur
815 1747 852 1803 de
870 1757 976 1803 caetero
998 1748 1114 1803 nomine
1131 1747 1284 1818 vectigalis
1302 1746 1338 1801 de
1357 1763 1440 1801 sacco
1459 1744 1542 1799 laum

528 1829 710 1885 “Volumus
739 1831 827 1885 etiarn
857 1837 887 1886 et
916 1831 1110 1895 concedimus,
1135 1849 1188 1903 pro
1211 1831 1295 1885 nobis
1318 1837 1350 1886 et
1377 1827 1543 1884 baeredibus

493 1918 511 1939 ‘¹
530 1913 647 1977 nostris,
668 1913 745 1985 quod
763 1931 861 1969 omnes
885 1915 986 1969 clerici
1004 1922 1034 1970 et
1052 1914 1119 1970 laici
1138 1913 1174 1969 dc
1193 1931 1283 1985 regno
1301 1919 1400 1969 nostro
1417 1912 1545 1967 habeant

493 2001 511 2021 ‘⁴
531 2014 629 2051 omnes
657 1996 747 2066 leges,
775 1997 934 2063 libertates,
955 2005 985 2053 et
1003 2015 1102 2053 omnes
1130 1996 1363 2061 consuetudines,
1391 1997 1434 2051 ita
1450 1995 1542 2050 libere

492 2087 511 2105 ⁶·
531 2086 560 2134 et
584 2079 707 2150 integre,
736 2080 813 2135 sicut
841 2099 890 2136 eas
920 2081 1019 2152 aliquo
1043 2087 1172 2152 tempore
1202 2086 1415 2136 consueverunt
1438 2076 1544 2133 melius

493 2169 511 2189 ‘⁶
531 2163 703 2234 pleniusque
721 2163 837 2218 habere.

529 2252 547 2273 “
568 2247 606 2302 ut
624 2247 649 2302 si
668 2254 768 2302 contra
792 2248 868 2313 illas,
888 2248 936 2303 vel
955 2267 1159 2321 quemcunque
1177 2247 1343 2304 Articulum
1362 2244 1548 2319 inpraesenti

494 2323 512 2356 ‘⁶
533 2331 642 2386 Charta
664 2338 840 2396 contentum,
868 2332 985 2387 Statuta
1002 2333 1112 2389 suerint
1136 2333 1214 2388 edita
1238 2351 1291 2405 per
1316 2349 1369 2388 nos
1396 2331 1444 2386 vel
1470 2337 1549 2386 ante·

495 2418 661 2470 “cessores
685 2422 808 2479 nostros,
829 2417 876 2471 vel
901 2418 1124 2472 consuetudines
1152 2416 1332 2479 introductus,
1361 2415 1497 2471 volumus
1520 2421 1551 2471 et

495 2503 513 2523 ‘⁸
533 2497 726 2563 concedimus,
747 2498 824 2570 quod
849 2499 1017 2571 hujusmodi
1042 2500 1158 2556 Statum
1179 2518 1273 2556 vacua
1289 2500 1357 2564 sint,
1378 2505 1409 2554 et
1425 2497 1507 2554 nulls
1520 2496 1550 2552 in

496 2585 514 2607 ‘⁴
533 2589 714 2652 perpetuum.

531 2670 549 2692 “
566 2665 744 2753 Qu&
763 2668 851 2722 ctiam
869 2666 1029 2723 Humfrido
1047 2667 1084 2723 de
1102 2668 1187 2723 Boun
1200 2668 1308 2725 Oomiti
1322 2665 1507 2722 Hereiordies
1520 2675 1551 2720 et

496 2754 514 2776 ‘¹
534 2750 684 2814 Estsexiae,
699 2750 921 2807 Constabulario
933 2751 1061 2823 Angliae‚
1075 2752 1191 2823 Rogero
1210 2753 1301 2823 Bigot
1316 2751 1424 2808 Comiti
1440 2748 1548 2806 North·

496 2839 515 2860 ‘⁴
534 2835 658 2899 folcbiae,
685 2835 858 2892 Marescallo
888 2836 1015 2907 Anglise
1043 2842 1073 2892 et
1090 2837 1156 2891 eliis
1183 2836 1355 2900 comitibus,
1375 2834 1547 2898 Beronibus,

497 2924 514 2943 ‘⁶
534 2918 689 2983 Militibus,
709 2921 874 2991 armigeris,
902 2920 1029 2975 Johsnni
1049 2921 1085 2975 de
1103 2920 1257 2985 Ferrariis,
1278 2939 1312 2976 ac
1331 2919 1465 2996 oQQs
1484 2917 1549 2973 aliis

497 3001 571 3058 “de
587 3020 708 3088 ’φφ-ω
734 3004 882 3079 societate
913 3003 1167 3068 confoederatione,
1194 3010 1224 3059 et
1246 3002 1401 3059 concordie
1425 3002 1548 3058 existen·

497 3091 515 3111 “
534 3086 623 3153 tibus,
641 3104 751 3143 necnon
770 3088 903 3144 omnibus
921 3088 1030 3159 viginti
1045 3087 1164 3143 libratas
1179 3093 1324 3144 terrerum
1338 3086 1503 3143 tenentibus
1518 3084 1550 3141 in

497 3175 515 3198 ‘⁶
534 3188 625 3243 regno
639 3179 746 3236 nostro,
765 3172 827 3227 sive
840 3171 981 3235 danobis,
997 3173 1060 3228 sive
1078 3170 1115 3228 de
1133 3173 1191 3227 alio
1207 3188 1379 3243 quocunque
1395 3171 1427 3226 in
1444 3170 1547 3243 capita,

497 3260 514 3281 “
535 3257 586 3327 qui
618 3256 654 3310 sd
683 3255 930 3312 transfretandum
960 3256 1111 3311 nobiscum
1135 3257 1167 3311 in
1196 3255 1363 3311 Flandriam
1393 3262 1473 3310 certo
1502 3253 1548 3308 die

496 3344 514 3364 ‘⁶
534 3346 632 3395 notato
651 3340 747 3395 vocati
766 3341 883 3404 suerint,
904 3345 934 3394 et
951 3357 1008 3394 non
1025 3346 1176 3403 venerumt,
1197 3357 1348 3395 rancorem
1370 3341 1549 3403 nostmmt

496 3427 514 3453 “
534 3424 640 3478 malurn
652 3425 844 3494 voluntatem²
858 3441 946 3495 quarn
962 3441 997 3478 er
1014 3423 1110 3478 causis
1128 3423 1275 3495 praedictis
1293 3441 1365 3494 erga
1382 3440 1431 3478 eos
1449 3420 1547 3477 babui-

497 3511 515 3533 “
534 3497 667 3571 mu's'se't
681 3502 946 3579 'transgressiones
964 3509 989 3563 si
1015 3526 1086 3578 quas
1110 3508 1193 3563 nobis
1217 3509 1264 3562 vel
1288 3507 1396 3563 nostris
1417 3506 1546 3569 fecerint,

498 3595 516 3616 ‘⁴
537 3609 629 3661 usque
655 3590 692 3645 ad
716 3593 867 3663 praesentis
886 3592 1002 3648 Chartoe
1026 3592 1242 3646 confectionem.
1287 3592 1326 3646 Et
1349 3590 1387 3645 od
1410 3590 1547 3661 majorem

499 3680 517 3700 ‘⁶
538 3676 722 3730 securitatem
748 3676 835 3748 hujus
854 3678 907 3740 rei,
926 3676 1062 3730 volumus
1081 3683 1111 3730 et
1134 3675 1318 3730 concedimus
1337 3692 1389 3745 pro
1413 3675 1496 3730 nobis
1519 3679 1548 3727 et

499 3759 701 3814 “haeredibus
734 3762 851 3824 nostris,
884 3759 961 3830 quod
986 3778 1085 3814 omnes
1109 3759 1330 3835 Archicpiseopi
1356 3765 1387 3814 et
1412 3756 1546 3830 Episcopi

499 3847 516 3868 ‘⁶'
536 3843 652 3920 ⁴⁸:385ae
674 3845 704 3897 in
724 3850 897 3916 perpetuum
915 3846 945 3898 in
963 3833 1432 3925 suis—Uathedralibusgcclesiis,
1450 3842 1547 3905 habita

498 3934 516 3954 ⁴·
536 3909 801 3998 prusenti'Cl'rarta
818 3935 848 3982 et
865 3927 1222 4002 leem-excommunicent
1244 3927 1369 3999 publice,
1391 3934 1422 3982 et
1441 3927 1472 3982 in
1490 3925 1545 3982 sin·

499 4017 516 4037 ‘⁶
537 4001 846 4083 gulis-parochialibus
866 4012 997 4067 ecclesiis
1017 4030 1135 4067 suarum
1155 4012 1334 4067 Dioecesinm
1353 4009 1546 4067 excommuni-

499 4100 516 4122 “
537 4097 597 4152 ceri
619 4097 735 4160 saciant,
763 4114 814 4150 seu
838 4097 1100 4152 excommunicatos
1125 4097 1308 4163 denunciare,
1334 4096 1380 4151 bis
1405 4095 1437 4151 in
1461 4112 1542 4159 anno,

499 4184 516 4206 “
537 4182 979 4259 ⁰mflee..uui⁰⁰1¹lr³t⁰¹¹0rem
1000 4181 1151 4252 praesentis
1178 4180 1303 4253 Chartqe,
1322 4181 1392 4245 vim,
1413 4186 1444 4236 et
1461 4179 1542 4236 effec-

498 4270 516 4291 “
537 4272 609 4329 tum,
629 4265 660 4320 in
679 4283 851 4337 quocunque
869 4266 993 4320 articulo
1021 4265 1145 4321 scienter
1164 4266 1294 4329 iecerint,
1322 4272 1374 4320 aut
1391 4264 1455 4319 fieri
1480 4281 1544 4337 pro·

498 4353 516 4375 ‘⁴
536 4351 711 4415 ornaverint,
740 4349 960 4421 quovismodo,”

330 4441 438 4498 mma
531 4434 631 4490 Missis
655 4436 748 4505 igitur
772 4435 801 4488 in
826 4434 965 4489 Flandria
987 4434 1101 4489 nunciis
1130 4433 1167 4489 ad
1198 4433 1295 4504 ipsum
1331 4432 1454 4504 Regem,
1479 4450 1542 4490 eon·

330 4514 449 4565 eonssms
495 4518 685 4574 firmationem
708 4519 837 4574 omniurn
861 4520 984 4574 istorum
1015 4519 1069 4573 sub
1088 4517 1187 4590 sigillo
1210 4535 1263 4572 suo
1281 4516 1429 4588 (tauquam
1441 4518 1478 4572 ab
1498 4535 1541 4580 eo,

328 4582 371 4630 ¹¹¹²
382 4580 455 4632 Ani·
496 4603 547 4673 qui
565 4604 595 4657 in
607 4605 791 4675 antepositus
805 4609 876 4667 crat,
891 4601 940 4658 'et
952 4603 1112 4658 cedendum
1124 4595 1244 4656 malitiae
1262 4602 1402 4673 temporis
1420 4595 1541 4669 censuit)

328 4648 387 4699 Μ’
495 4687 689 4743 obtinuerunt.
735 4688 793 4744 Pro
814 4688 1029 4744 confirmatione
1047 4685 1170 4741 ²harum
1189 4703 1287 4740 rerum
1311 4687 1441 4741 omnium
1465 4685 1542 4742 dedit

531 4969 659 5024 ¹Omitted
670 4968 697 5020 ln
708 4970 751 5021 the
762 4972 860 5034 printed
871 4979 945 5024 texts.
1015 4970 1019 5038 Ι
1067 4970 1238 5022 ὀτΙιανιιιιιὶιι
1253 4970 1440 5022 Perker’stext.
