3750 6250
487 1067 550 1130 214
818 1081 949 1130 ruoun
971 1081 1203 1132 warsmomn

318 1271 505 1336 A‚1),1339,“
526 1285 625 1322 ornrres
659 1281 689 1322 et
725 1267 867 1338 singrrlos,
906 1268 1106 1338 cujuscunque
1141 1275 1245 1334 status,
1285 1269 1450 1341 dignitatis,
1485 1269 1532 1326 vel
1548 1273 1626 1328 nau

487 1357 506 1380 ··'
526 1351 699 1408 conditionis
720 1353 887 1416 existerent,
917 1352 1032 1408 etiamsi
1057 1352 1245 1423 patriarchali
1272 1354 1320 1410 vel
1346 1356 1451 1426 quavis
1476 1349 1626 1420 ulia⁶⁵⁵·‚,

490 1441 508 1464 '⁶
529 1436 683 1507 superiori,
706 1443 758 1491 out
778 1436 937 1507 pontificali
956 1435 1003 1490 vel
1025 1436 1128 1506 regali,
1151 1437 1295 1507 dignitato
1324 1438 1484 1508 fulgerent,
1505 1411 1626 1528 alde?

489 1525 507 1548 ’⁶
528 1521 578 1591 qui
600 1521 710 1590 absquo
733 1520 817 1574 Sedis
837 1519 1014 1591 Apostolieae
1039 1520 1159 1574 licentia
1188 1522 1319 1591 speciali,
1341 1522 1457 1578 vicerit
1484 1539 1620 1609 seupm

490 1610 508 1631 ‘²
529 1605 729 1674 cujuscunque
757 1605 879 1659 alterins
907 1603 992 1658 officii
1018 1622 1123 1658 nomen
1144 1604 1175 1658 in
1204 1605 1338 1676 praedicti
1360 1607 1451 1662 terris
1477 1605 1534 1660 Im·

490 1699 508 1716 ‘¹
529 1689 613 1760 perii,
636 1706 670 1742 eo
690 1701 820 1752 vocante,
844 1688 920 1743 sient
941 1701 1010 1743 tuno
1030 1688 1161 1752 vacabat,
1182 1699 1213 1744 et
1231 1707 1308 1744 uano
1328 1689 1419 1744 etiam
1441 1697 1533 1752 vacat,

492 1778 510 1800 ‘⁴
531 1783 564 1828 ut
593 1772 779 1843 praemissum
808 1779 861 1835 est,
892 1788 1050 1836 assumere,
1081 1772 1129 1826 vel
1159 1780 1343 1844 assumptum
1370 1773 1451 1830 ultra
1478 1781 1533 1829 ter-

492 1865 510 1884 ··
530 1857 642 1911 minum
662 1856 786 1911 duorum
807 1856 952 1910 mensium
970 1865 1182 1926 praesumerent
1204 1857 1341 1922 retinere,
1364 1875 1419 1912 seu
1438 1857 1536 1913 dimis-

492 1945 510 1968 ·‘
530 1959 595 1996 sum
620 1957 801 1994 reassumere
838 1939 1049 2010 quoquomodo,
1075 1958 1109 1994 ae
1130 1940 1358 2005 inobedientes,
1392 1949 1535 2012 parentes,

492 2033 510 2052 ‘⁶
530 2031 561 2080 et
580 2023 763 2079 intendentes
785 2023 904 2086 eisdem,
927 2024 1238 2080 excommunicationes
1266 2042 1301 2080 ao
1329 2025 1404 2080 alius
1432 2043 1536 2096 graves

492 2120 510 2136 ¹·
531 2109 688 2164 sententias
707 2107 914 2178 promulgavit.
952 2107 1015 2160 Nos
1037 2108 1145 2176 itaque,
1168 2109 1218 2178 qui
1237 2125 1308 2180 erga
1326 2117 1365 2173 te,
1384 2109 1438 2174 fili,
1459 2109 1535 2164 clou-

492 2199 510 2220 ‘'
531 2194 600 2248 dere
636 2192 749 2247 viscera
782 2203 910 2260 putemur
952 2190 1117 2246 dilectionis
1149 2193 1345 2262 nequivimus,
1379 2203 1411 2248 et
1441 2193 1535 2248 cordis

494 2283 511 2304 ¹‘
531 2278 630 2332 dolore
651 2277 801 2345 tangimur
822 2275 1007 2336 intrinsecus,
1029 2293 1096 2328 eum
1115 2275 1188 2330 talia
1207 2276 1386 2348 percipimus
1398 2277 1436 2331 ad
1455 2285 1536 2333 tuum

494 2368 512 2389 ‘⁵'
532 2363 635 2432 tuique
657 2361 783 2422 honoris,
806 2368 909 2423 status,
933 2359 1047 2422 solutis,
1069 2367 1099 2413 et
1117 2360 1201 2414 summ
1222 2359 1408 2432 dispendium
1428 2362 1536 2418 maehi-

493 2451 512 2473 “
533 2448 606 2508 irari,
640 2456 721 2499 tuam
752 2460 890 2511 rogamus
924 2443 1183 2510 magnificentiam,
1215 2445 1407 2514 requirimus,
1448 2457 1480 2501 et
1508 2446 1537 2500 in

494 2536 512 2556 ‘²
533 2529 657 2583 Domino
670 2528 809 2582 attentius
823 2527 1018 2590 exhortamur,
1033 2544 1103 2581 sano
1114 2533 1295 2598 patemoquo
1315 2529 1370 2582 tibi
1388 2529 1535 2585 nihilomi-

494 2619 512 2639 ‘·
533 2631 587 2666 nus
600 2610 721 2665 consilio
740 2610 904 2670 stradentes,
919 2619 1063 2679 qnatenus
1076 2627 1110 2664 ea
1123 2629 1188 2680 quae
1205 2610 1427 2682 ¹proemisimus,
1442 2621 1473 2668 et
1484 2611 1539 2666 alia

495 2701 513 2724 ·‘
535 2714 599 2766 qun
610 2695 688 2749 eirea
700 2694 752 2748 illa
764 2694 817 2748 tibi
832 2701 955 2764 possrmt
966 2711 1128 2758 occurrere,
1143 2693 1290 2749 deducens
1310 2695 1342 2749 in
1358 2703 1448 2752 rectu
1470 2695 1538 2750 deli-

494 2787 513 2806 ··
533 2777 691 2832 berotionis
711 2784 742 2832 et
760 2776 951 2832 discussionis
971 2795 1100 2840 examen,
1123 2795 1158 2832 ao
1177 2779 1297 2850 insuper
1315 2785 1419 2834 tenens
1432 2780 1539 2836 certius

494 2869 512 2890 ‘⁶
533 2873 563 2918 ct
582 2862 743 2925 attendens,
766 2861 844 2932 quod
862 2860 959 2916 dietus
988 2861 1164 2926 Ludovious,
1194 2871 1229 2917 ut
1256 2863 1464 2934 praemisimus,
1486 2880 1539 2918 neo

495 2955 513 2975 ¹·
534 2948 596 3002 Rex
608 2964 662 3001 neo
674 2947 837 3016 Imperator
849 2953 903 3008 est,
917 2963 972 3000 neo
983 2946 1083 3016 aliquo
1095 2963 1160 3016 quos
1179 2946 1242 3016 ipso
1255 2947 1360 3003 feeerit
1376 2948 1426 3002 vel
1443 2948 1538 3012 faciet,

495 3039 513 3060 ¹·
534 3032 673 3104 quamdiu
693 3029 802 3085 ²snerit
821 3039 851 3084 et
871 3030 928 3085 erit
940 3029 1027 3085 dietis
1046 3029 1231 3100 processibus
1253 3049 1286 3086 oe
1305 3031 1400 3102 prunis
1428 3039 1460 3088 et
1480 3049 1540 3087 sen·

495 3126 513 3145 ⁸·
534 3117 633 3173 tentiis
665 3116 805 3178 irretitus,
838 3114 996 3186 quicquam
1016 3114 1173 3169 valuerunt
1201 3113 1249 3169 vel
1273 3115 1381 3181 valent,
1398 3134 1454 3173 neo
1475 3122 1541 3171 sunt

495 3214 512 3229 ⁵·
533 3210 585 3257 aut
613 3200 731 3255 luerunt
766 3200 891 3269 alicujus
927 3198 1119 3261 auctoritatis,
1154 3199 1276 3263 roboris,
1308 3199 1356 3255 vel
1384 3201 1539 3265 momenti;

494 3291 512 3313 ‘¹'
533 3285 670 3356 ‹prodquo
691 3282 745 3338 tibi
767 3283 966 3354 periculosum
989 3292 1044 3345 est,
1076 3280 1124 3338 ³et
1151 3282 1356 3353 multipliciter
1383 3284 1539 3339 formidan-

495 3374 513 3396 “
533 3370 612 3432 dnm,
634 3377 663 3423 te
683 3367 826 3421 bellorum
851 3367 995 3436 subjicere
1017 3366 1245 3428 discriminibus,
1268 3366 1394 3421 maxime
1413 3368 1440 3423 si
1463 3384 1540 3423 esses

495 3458 513 3478 ‘⁴
535 3451 710 3522 supradictis
749 3449 943 3519 processibus,
982 3450 1086 3518 poeuis,
1123 3457 1153 3504 et
1193 3452 1355 3514 sententiis,
1385 3470 1403 3506 a
1437 3452 1540 3523 quibus

496 3542 514 3563 ⁴·
536 3536 653 3589 liberari
679 3553 735 3588 non
760 3552 869 3603 posses.
896 3534 953 3586 nisi
975 3533 1114 3587 duntaxat
1131 3551 1184 3604 per
1206 3534 1310 3588 Sedem
1332 3534 1538 3606 Apostolieom.

496 3626 514 3644 ⁴·
536 3638 600 3687 apuu
632 3618 842 3672 absolutionem
869 3635 967 3670 carum
996 3617 1050 3669 sibi
1072 3635 1206 3686 expresse
1224 3618 1355 3675 retinnit.
1382 3619 1539 3673 involutus.

498 3707 515 3727 ‘¹
536 3721 568 3755 ae
590 3702 642 3753 Ilei
663 3712 692 3754 ct
712 3702 843 3770 ejusdem
866 3701 1002 3753 llomanm
1031 3700 1169 3753 Ecclesia
1200 3712 1369 3770 persecutor·
1391 3708 1422 3756 et
1450 3702 1541 3756 bostis

499 3795 516 3811 ⁸·
537 3786 666 3845 elliatns,
694 3804 710 3838 a
741 3786 846 3854 apulias
876 3796 904 3837 te
933 3784 1200 3838 misericordiarum
1235 3785 1378 3839 Dominus
1410 3792 1542 3857 protegat

498 3875 516 3894 ‘⁸
536 3876 566 3923 et
584 3868 728 3923 defendat.
767 3869 1020 3938 Considcrauscpre
1038 3878 1181 3937 pra-terea
1197 3868 1364 3939 diligenter,
1379 3870 1459 3939 quod
1476 3871 1543 3924 licet

498 3958 515 3979 “
537 3954 695 4006 lumrannm
715 3953 752 4006 sit
772 3970 901 4021 peecare,
923 3953 952 4005 in
971 3953 1099 4022 peccatis
1117 3958 1214 4006 tamen
1238 3953 1458 4023 perseverantia
1484 3954 1542 4007 diu-

498 4042 516 4064 ·‘
537 4037 632 4091 boliea
650 4052 696 4090 est
713 4036 874 4099 c‹.·usemla;
896 4046 924 4091 te
944 4054 961 4089 a
979 4036 1140 4105 praemissis
1169 4036 1295 4105 singulis
1323 4037 1365 4091 sie
1390 4037 1542 4091 horrendis

498 4126 515 4148 ¹‘
536 4123 641 4186 deviis,
669 4119 694 4174 si
722 4119 757 4172 ad
783 4120 835 4173 illu
855 4120 952 4174 forsan
971 4119 1164 4173 declinaveris
1190 4120 1356 4190 serpentina
1374 4120 1542 4191 deceptione

498 4214 515 4235 ‘⁴
537 4208 685 4268 seductus,
700 4211 856 4273 antequam
867 4204 1047 4258 invalescant
1058 4204 1263 4273 perniciosius,
1278 4221 1330 4257 seu
1343 4204 1374 4257 in
1386 4212 1542 4275 conspectu

497 4296 515 4318 ‘⁶
537 4292 590 4345 Dei
620 4298 650 4345 et
675 4287 826 4343 hominnm
853 4289 974 4341 scateant
1003 4287 1133 4341 deterius
1161 4296 1190 4343 et
1217 4294 1394 4358 putrescant,
1426 4289 1541 4342 resilire

499 4388 516 4402 ⁸·
536 4376 663 4447 penitus,
678 4373 826 4444 pedesque
839 4377 905 4426 lires
919 4371 955 4425 ad
968 4370 1047 4424 viam
1060 4377 1179 4427 rectam.
1195 4371 1257 4425 Deo
1269 4371 1416 4441 placitam,
1431 4389 1466 4426 ae·
1483 4372 1541 4426 tuis

500 4472 516 4486 ··
538 4461 636 4524 statui,
658 4457 755 4513 saluti.
776 4464 805 4509 et
824 4456 924 4508 honori
950 4471 1120 4523 congruam,
1143 4454 1273 4525 dirigere
1293 4455 1467 4524 quantocius
1485 4474 1541 4509 uon

498 4549 515 4571 “
536 4556 709 4615 postponas-3
738 4539 894 4595 eorundem
918 4539 1129 4603 Cardinalium,
1150 4541 1200 4609 qni
1222 4546 1250 4594 te
1272 4545 1440 4610 statumque
1458 4547 1540 4595 tuum

498 4640 514 4654 ¹·
536 4648 647 4681 sunere
661 4628 798 4693 diligunt,
814 4642 901 4695 super
914 4621 1118 4676 ret-urnulam·
1138 4624 1218 4694 pacis
1231 4624 1307 4677 inter
1325 4632 1354 4675 te
1373 4623 1541 4695 dictumque

540 4811 913 4821 ---..---——--.....—.
943 4810 966 4815 -·
984 4808 1043 4815 -.-
1055 4809 1108 4815 -....
1144 4810 1188 4817 ...-
1203 4809 1285 4816 .,,-.-,
1305 4810 1537 4818 -———-—-

532 4960 613 5008 ΙΤΙιίκ
637 4963 685 5008 und
710 4961 750 5008 tlu·
771 4961 840 5007 tlrrec
864 4958 997 5023 lbllovving
1065 4958 1296 5021 {piriallarldbn

497 5042 580 5091 words
592 5054 633 5091 are
646 5039 749 5089 uruitted
761 5039 786 5088 in
799 5039 870 5088 llurl.
883 5043 942 5086 655.
1062 5042 1127 5087 1ιιιιε
1137 5037 1308 5103 rrtrdtipliciter,
1317 5037 1388 5088 Harl.
1401 5042 1458 5089 655.
