3750 6250
511 1029 574 1103 172
843 1049 973 1099 ruouu
995 1044 1230 1100 wsasruensu

334 1242 402 1294 Al).
424 1249 494 1294 1324.
506 1235 646 1291 Ecclesiae
667 1234 856 1306 Anglieanm3
883 1243 913 1290 et
930 1236 1111 1291 examinatus
1134 1237 1170 1290 de
1193 1236 1357 1307 proditione
1381 1244 1412 1293 et
1433 1238 1657 1297 erimineBhust

507 1320 584 1374 liesm
604 1320 765 1391 majestatis
791 1336 888 1374 comm
914 1319 996 1389 Rege
1017 1326 1048 1375 et
1071 1320 1240 1390 proceribus
1258 1322 1413 1378 universis.
1459 1315 1657 1395 1mp,.pp.7e

506 1405 596 1459 situm
613 1423 717 1475 nempe
735 1405 792 1459 suit
817 1404 883 1468 sibi,
912 1403 990 1475 quod
1008 1404 1149 1474 quosdam
1173 1406 1307 1460 inimicos
1325 1405 1440 1477 ¹regios
1460 1427 1557 1464 susce·
1568 1445 1592 1494 R
1619 1416 1626 1428 ⁶
1643 1450 1653 1496 1

504 1489 597 1561 pisset
621 1496 651 1545 et
675 1490 806 1553 soi-isset,
834 1490 864 1543 iu
890 1507 998 1559 megna
1027 1490 1112 1560 eopia
1141 1497 1329 1556 armatorum,
1356 1498 1387 1547 ot
1411 1493 1489 1565 quod
1513 1495 1556 1550 eis
1568 1461 1657 1563 Eli„

504 1573 646 1645 impendit
664 1574 814 1639 auxilium,
834 1573 1043 1637 consiliumet
1060 1575 1198 1629 favorem.
1230 1576 1287 1630 Ille
1299 1593 1377 1640 vero,
1394 1585 1483 1649 prout
1493 1586 1558 1636 erat

502 1660 549 1714 vir
574 1667 706 1714 maturus
732 1665 762 1714 et
785 1658 894 1713 litteris
924 1658 1105 1714 abundanter
1140 1659 1279 1725 imbutus,
1317 1663 1464 1733 patienter
1492 1663 1558 1722 heo

503 1742 581 1807 tulit,
602 1742 640 1798 ad
657 1743 784 1798 convitia
801 1750 832 1797 et
849 1742 1005 1813 opprobria
1022 1742 1096 1796 nihil
1114 1744 1231 1798 omnino
1249 1744 1435 1815 respondens.
1481 1747 1555 1802 Tau·

503 1826 570 1882 dem
596 1827 729 1898 pulsatus
752 1825 957 1889 diversimode,
982 1827 1026 1880 sic
1050 1843 1102 1881 ora
1124 1827 1319 1883 resolvit:-“
1333 1827 1458 1884 Domine
1483 1831 1554 1897 Rex,

505 1915 525 1939 “
544 1919 642 1967 vestra
659 1911 749 1982 regim
761 1910 922 1981 mejestatis
941 1911 1106 1965 reverentis
1123 1928 1238 1982 semper
1250 1900 1417 1984 salve,'ego
1439 1913 1555 1971 Sancte

505 1999 525 2024 ‘⁶
544 1997 683 2051 Ecclesiae
702 1995 758 2048 Dei
777 1995 909 2049 minister
927 1994 1057 2058 humilis,
1078 1995 1241 2050 membrum
1256 1996 1330 2067 ejus,
1344 2003 1374 2052 et
1390 1997 1554 2070 Episcopus

504 2085 523 2109 ‘⁴
542 2087 736 2143 consecratus,
750 2079 819 2134 lieet
830 2078 979 2149 indignus,
999 2078 1037 2132 ad
1055 2085 1114 2133 tam
1127 2078 1218 2133 ardua
1235 2098 1349 2151 nequeo
1367 2082 1552 2152 respondere,

504 2169 522 2193 “
541 2184 594 2220 nec
613 2165 712 2227 debeo,
734 2163 843 2233 absque
862 2163 980 2218 Domini
999 2162 1217 2218 Carituuriensis
1235 2164 1468 2237 Archiepiscopi,
1488 2174 1554 2238 post

502 2253 521 2277 “
543 2250 696 2305 Summum
714 2247 893 2310 Pontificem,
913 2248 971 2301 mei
990 2246 1094 2302 directi
1116 2247 1236 2318 judicis,
1264 2249 1349 2320 cujus
1373 2251 1463 2306 etiem
1488 2270 1552 2310 sum

501 2336 521 2361 ‘⁴
541 2334 752 2403 suffraganeus,
772 2332 954 2396 auctoritate,
969 2338 999 2386 et
1011 2331 1135 2386 eliorum
1153 2334 1268 2404 parium
1286 2351 1419 2389 meorum
1432 2335 1551 2406 Episco-

501 2420 521 2444 “
540 2435 643 2488 porum
670 2415 854 2469 conniventia
883 2414 931 2467 vel
955 2415 1128 2469 consensu.’'
1178 2415 1240 2484 Quo
1266 2434 1406 2488 responso
1427 2419 1549 2489 prolato,

499 2518 566 2555 mox
578 2499 798 2569 Arcbiepiscepi
810 2505 840 2553 et
860 2498 1007 2569 Episcopi,
1028 2516 1126 2553 omnes
1146 2509 1176 2554 et
1195 2501 1315 2570 singuli,
1330 2502 1380 2571 qui
1396 2501 1549 2567 affuerunt,

500 2589 663 2654 surgentes,
683 2583 774 2652 Regis
787 2581 971 2635 clementiam
983 2600 1036 2652 pro
1055 2582 1170 2653 collega
1181 2589 1212 2637 et
1223 2584 1394 2655 coepiscopo
1416 2586 1550 2657 implora·

498 2667 577 2722 bant.
615 2665 674 2722 Sed
695 2666 776 2736 Rege
795 2670 839 2719 tet
858 2664 1119 2735 supplicationibus
1140 2684 1197 2721 non
1216 2666 1339 2737 placato,
1371 2674 1424 2723 sut
1447 2669 1485 2723 ab
1509 2670 1551 2724 ire

332 2761 461 2857 ξίῶἰὸιίὶξιέὁ
498 2758 636 2822 concepta
661 2749 827 2885 nullatenus
847 2748 1008 2884 pacificaitlo,
1028 2749 1225 2886 totusDclffis
1246 2749 1356 2805 dietum
1374 2750 1550 2825 Episcopum

497 2834 507 2867 ²
695 2852 724 2886 m
743 2833 766 2886 E
785 2834 882 2886 cesiae
900 2849 956 2886 ven
979 2833 1074 2897 'cavit
1141 2834 1180 2887 ei
1216 2839 1263 2887 rot
1318 2835 1384 2888 cti
1410 2835 1416 2846 ⁰
1539 2869 1549 2882 ·

330 2863 481 2958 iiiffiffil·
496 2834 1052 2987 tdtiigilbilbibrieniisArchiepisoopi,
1066 2915 1157 2970 donec
1170 2916 1232 2970 Rex
1244 2841 1549 2989 dibseerirerlibtbruabutlo

330 2963 479 3068 mm
498 3003 535 3058 su
553 3001 666 3072 objecta
682 2999 730 3054 vn
749 2999 913 3069 objicienda
930 2999 1003 3053 arias
1021 2999 1220 3069 responderet.

331 3079 449 3144 Thelm-
532 3086 639 3142 Paucis
658 3083 766 3140 exactis
779 3083 891 3148 diebus,
914 3082 986 3148 Rex,
1007 3088 1041 3139 ut
1059 3084 1150 3154 prius,
1175 3084 1353 3156 Episcopum
1377 3086 1549 3158 preadictum

329 3145 462 3264 iffi&
497 3171 639 3266 convenit.
686 3169 748 3238 Quo
773 3186 890 3223 rumore
914 3169 951 3222 ad
975 3186 1060 3222 aures
1082 3168 1193 3238 perlato
1217 3169 1401 3236 Pontificum,
1424 3171 1547 3228 Geutua·

329 3278 461 3332 ,hejrm
496 3257 611 3318 mensis,
640 3252 841 3314 Eborecensis,
868 3259 898 3305 et
921 3251 1121 3315 Dublineusis,
1140 3250 1371 3324 Arcbicpiscopi,
1391 3273 1459 3310 cum
1484 3256 1548 3311 ullis

330 3345 430 3411 charge.
496 3339 595 3393 decem
620 3335 782 3408 Episcopis‚
797 3334 902 3388 erectis
927 3334 1063 3391 crucibus
1088 3334 1125 3389 ad
1143 3333 1239 3389 locum
1257 3336 1363 3406 judieii
1382 3355 1451 3392 cum
1469 3339 1546 3393 omni

495 3422 644 3476 eeleritate
662 3426 812 3481 venerunt,
833 3428 863 3472 et
881 3418 1057 3472 confratrem
1070 3436 1170 3472 eorum
1183 3424 1213 3473 et
1224 3421 1438 3492 coepiscopum,
1453 3422 1546 3478 sotum

495 3512 621 3559 stentem
637 3512 666 3558 et
685 3504 808 3557 nimium
821 3501 993 3563 desolutum,
1014 3502 1044 3555 in
1063 3521 1145 3556 suam
1165 3504 1326 3557 custodiam
1343 3514 1544 3578 susceperunt,

495 3595 619 3650 etcum,
640 3588 749 3656 ubsque
768 3603 905 3656 responso
925 3585 1001 3646 date,
1024 3603 1091 3639 cum
1116 3586 1175 3639 illis
1195 3587 1328 3657 protinus
1348 3588 1545 3654 abduxerunt3

495 3671 679 3741 injungentes
705 3670 836 3731 firmiter,
864 3688 898 3721 cx
922 3674 1005 3739 purte
1025 3668 1090 3727 Dei,
1111 3674 1142 3723 et
1162 3669 1215 3723 sub
1235 3688 1321 3740 poena
1343 3673 1545 3738 arathematis,

495 3754 639 3809 universis
658 3753 709 3822 qui
728 3754 856 3814 ederant,
875 3769 911 3805 ne
931 3753 997 3821 quis
1016 3751 1046 3804 in
1071 3770 1137 3806 enm
1163 3770 1265 3806 manus
1289 3762 1482 3824 praesumeret
1505 3758 1547 3811 iu·

490 3839 582 3909 jicero
602 3837 752 3891 violentas.
791 3835 854 3903 Quo
873 3837 914 3890 sic
927 3836 1061 3897 abducto,
1078 3835 1138 3888 Rex
1158 3835 1287 3890 detenta
1301 3837 1547 3895 clericommotus

494 3923 624 3984 asidaeis,
645 3921 728 3990 quasi
757 3937 790 3972 ex
815 3920 907 3973 officio
924 3919 1034 3989 judicis
1059 3919 1180 3987 objectis
1204 3921 1344 3990 princepit
1363 3921 1427 3976 fieri
1452 3922 1548 3994 irrqui·

326 4019 465 4077 Quirinum·
494 4007 637 4063 sitionem.
683 4004 727 4057 Ac
749 4003 839 4072 jurati
867 4001 902 4055 de
928 4004 1024 4072 patria
1049 4004 1207 4065 convocati,
1240 4003 1307 4073 plus
1330 4005 1412 4074 regis
1437 4008 1546 4061 terreni

326 4072 460 4165 i:,‘.'}},¹s¹,',',¹,⁴,¹,⁰,j
497 4097 663 4147 metuentes
691 4086 838 4149 offensum,
865 4104 953 4155 quam
973 4086 1148 4156 Sempiterni
1179 4086 1294 4141 Judicis
1318 4088 1470 4155 ultionem,
1498 4091 1545 4145 ab·

326 4171 407 4221 suillu-
493 4188 604 4230 sentem
625 4172 802 4243 Episcopum
830 4186 914 4222 reum
933 4168 1023 4222 fuisse
1049 4169 1085 4222 de
1109 4168 1242 4223 omnibus
1266 4170 1388 4241 objectis
1412 4174 1545 4228 articulis

326 4271 442 4335 llispro.
492 4263 713 4332 priesentaruut.
753 4253 835 4321 Quod
857 4254 918 4306 Rex
942 4253 1050 4307 elucens
1074 4271 1126 4323 pro
1146 4255 1280 4316 maximo,
1306 4255 1457 4311 confiscari
1477 4259 1546 4313 lecit

326 4347 397 4401 Pffiy
409 4339 430 4387 5³
494 4362 593 4397 omnes
620 4341 751 4395 redditus
781 4346 810 4391 et
836 4344 929 4390 terras
958 4355 1034 4399 suns,
1062 4343 1099 4398 et,
1130 4337 1208 4405 quod
1232 4346 1295 4391 erat
1319 4338 1542 4403 intolerabilius,

324 4405 481 4458 ⁶⁰⁰fi⁸⁰³¹⁰d·
495 4429 627 4481 omnibus
648 4425 709 4480 suis
727 4420 903 4477 victualibus
923 4427 953 4474 et
976 4420 1150 4474 utensilibus
1171 4420 1200 4473 in
1219 4418 1335 4492 ³plnteu
1358 4422 1497 4492 projectis
1516 4432 1544 4479 ct

494 4511 642 4580 dispersis,
665 4527 731 4563 eum
751 4504 885 4577 permisit
905 4504 1101 4557 inhumaniter
1121 4503 1248 4573 spoliari.
1294 4504 1456 4576 Episcopus
1476 4525 1543 4562 vero

1157 4697 1229 4702 .--
1257 4698 1534 4708 -...-—.——.

524 4833 529 4860 ¹
543 4829 598 4878 Tlic
629 4831 697 4876 word
720 4830 815 4874 riseritis<
838 4824 859 4872 is
880 4823 988 4872 inserted
1047 4827 1075 4869 13
1084 4821 1113 4871 E.
1122 4822 1157 4870 ix.
1173 4843 1178 4872 :
1192 4830 1305 4886 maguum
1313 4823 1335 4873 is
1346 4824 1389 4874 the
1401 4826 1507 4893 reading
1518 4828 1543 4877 in

489 4913 547 4961 here
560 4910 585 4956 in
599 4909 640 4957 tlte
652 4909 749 4970 printed
762 4914 834 4955 texts.
1044 4901 1202 4950 Blunelorde.

521 4989 659 5052 ²Properly
670 4996 702 5047 nt,
711 5003 738 5035 us
746 4986 773 5034 in
784 4986 838 5033 MS.
851 4983 917 5032 Bibl.
927 4982 989 5044 Ileg.
1076 4982 1086 5012 ³
1094 4980 1183 5043 pluteis
1196 4981 1221 5029 iu
1234 4982 1275 5031 the
1287 4982 1386 5046 printed
1398 4990 1471 5036 texts.
