3750 6250
671 1122 835 1174 stercen
849 1122 1055 1174 launoius.
1323 1107 1387 1180 275

288 1315 314 1371 »1,
345 1306 420 1362 simo
436 1307 582 1372 conflictu,
600 1306 703 1362 ¹multi
721 1307 800 1372 caesi,
818 1307 905 1363 multi
924 1308 988 1362 lessi
1013 1311 1083 1361 suut
1100 1323 1135 1361 ex
1154 1313 1279 1378 utraque
1297 1314 1557 1379 perte.A,1),1350,

343 1390 421 1445 Nam
439 1397 500 1447 tum
520 1392 636 1446 fervens
655 1396 719 1447 erat
736 1391 856 1455 bellum,
878 1397 939 1445 tam
958 1390 1062 1445 crebra
1079 1390 1201 1446 vulnero
1222 1391 1334 1447 inflicta
1356 1409 1392 1447 ex

343 1475 422 1529 omni
445 1480 538 1546 parte,
566 1473 644 1545 quod
668 1475 705 1529 ab
730 1474 783 1530 illo
812 1474 916 1546 proelio
941 1474 991 1529 vix
1017 1474 1125 1545 aliquis
1151 1475 1246 1530 evasit
1268 1475 1390 1531 illaesus.

343 1556 479 1625 Domum,
512 1558 575 1614 Deo
604 1558 729 1623 volente,
761 1558 885 1614 victoria
913 1558 1003 1614 cessit
1025 1558 1141 1628 Anglis.
1180 1558 1280 1630 Captae
1324 1565 1393 1616 sunt

341 1641 384 1696 ibi
402 1643 495 1713 igitur
511 1643 619 1713 viginti
639 1660 689 1699 sex
706 1660 795 1698 naves
823 1660 947 1713 maguae,
969 1642 1091 1714 reliquis
1112 1642 1271 1699 submersis
1291 1644 1340 1699 vel
1358 1644 1390 1699 in

342 1726 443 1797 fugsm
454 1728 557 1782 versis.
594 1728 632 1782 In
648 1728 703 1783 hoo
721 1727 865 1792 conflictu,
879 1726 951 1781 dum
962 1727 1098 1799 Hispani,
1111 1728 1207 1783 timidi
1219 1735 1250 1784 et
1261 1729 1388 1800 superbi,

341 1815 430 1881 atque
455 1810 577 1866 fidentes
603 1812 636 1865 in
659 1811 763 1866 robore
788 1828 841 1866 suo
866 1816 898 1865 et
922 1812 1104 1875 strenuitate,
1131 1811 1326 1883 dedignentur
1356 1829 1389 1867 sc

340 1893 462 1950 reddere
484 1895 572 1965 jussu
596 1894 688 1966 Regis
705 1894 852 1960 Edem-di,
871 1911 971 1951 omues
998 1895 1205 1952 miserabiliter
1227 1898 1388 1967 perierunt,

340 1977 392 2032 ulii
409 1979 487 2033 ferro
504 1978 581 2043 oaeei,
602 1978 653 2033 alii
670 1978 754 2050 aquis
773 1979 928 2034 submersi.

375 2060 441 2117 Hoc
464 2079 538 2117 ωηο
564 2062 805 2134 obiitlllagister
824 2064 951 2119 Thomas
978 2063 1213 2135 Bradiwardyne,
1236 2064 1388 2120 cantuari·
1401 2072 1555 2125 A.D.1349.

341 2146 419 2201 ensis
435 2145 697 2217 Archiepiscopus3
729 2147 777 2201 cui
796 2148 937 2203 successit
954 2146 1098 2217 Magister
1117 2147 1225 2218 Symon
1243 2147 1349 2218 Islepe.
1400 2155 1511 2247 Disthor

1398 2204 1517 2298 tutu

474 2367 667 2434 rimato
690 2367 810 2435 sami·
827 2366 960 2434 utrm
981 2368 1251 2456 notescam.
1400 2306 1468 2357 dm

288 2514 311 2565 tl.
374 2504 485 2561 llodem
511 2525 594 2573 anno,
620 2525 687 2562 cum
710 2526 818 2579 magna
840 2508 1026 2563 reumaticus
1051 2510 1129 2564 faeta
1152 2515 1198 2565 est
1223 2509 1385 2565 Translatio
1401 2512 1553 2566 A.1).1350.

341 2590 441 2646 Sancti
467 2590 595 2656 Thomas,
622 2591 849 2648 Herefordensis
874 2592 1023 2664 Episcopi,
1043 2592 1127 2664 Rege
1144 2600 1296 2665 prasente,
1318 2611 1386 2649 cum
1400 2595 1545 2659 translation

339 2666 486 2729 nonnullis
513 2675 652 2730 Ecclesiae
670 2675 842 2745 Anglicanae
859 2677 988 2747 prelatis
1013 2678 1157 2748 regnique
1179 2677 1335 2743 nobilibus,
1356 2684 1387 2733 et
1399 2647 1503 2741 iim

288 2781 322 2843 gh,
340 2757 407 2814 aliis
423 2758 546 2831 plebeiis
564 2761 596 2813 in
612 2759 801 2815 multitudine
819 2761 947 2833 copiosa.

293 2854 318 2899 2
375 2842 486 2898 Eodem
515 2861 598 2908 anno,
630 2844 740 2899 factum
769 2845 827 2899 fuit
852 2844 983 2899 duellum
1008 2845 1040 2899 in
1065 2846 1174 2916 pslatio
1191 2847 1283 2917 Regis
1308 2844 1386 2917 apud
1399 2850 1503 2896 Duelba

339 2926 630 2983 westmonasterium
668 2928 745 2983 inter
777 2929 935 2995 Dominum
966 2929 1101 2995 swerd,
1132 2930 1226 2985 suum
1255 2931 1386 3002 Philippi
1398 2904 1521 2997 mas

339 3010 431 3083 Bagis
449 3012 636 3076 Francorum,
662 3017 692 3068 et
716 3012 861 3083 quendem
890 3012 1014 3068 militem
1040 3013 1077 3068 de
1100 3013 1214 3086 Ypras3
1240 3016 1385 3084 cessitque
1399 3004 1459 3094 {fil
1478 2953 1553 3050 {iffi

338 3095 462 3153 victoria
474 3096 600 3153 Johanui
618 3097 748 3169 prefato.
1399 3103 1489 3156 might.

678 3340 729 3406 De
751 3361 845 3406 ontio
872 3338 1029 3407 Jotttoeo.

372 3483 476 3539 Annus
500 3483 557 3538 iste
584 3488 648 3538 erat
674 3481 829 3548 Jubilaeus,
856 3501 913 3553 quo
939 3482 1028 3538 multi
1046 3482 1083 3536 de
1101 3482 1209 3553 populo
1232 3481 1385 3553 utriusque
1397 3479 1464 3559 Year
1474 3482 1505 3532 of

338 3584 434 3633 sexus,
452 3585 507 3639 pro
525 3568 622 3638 gratia
632 3567 812 3623 remissionis
828 3584 949 3622 suorum
960 3565 1161 3637 peccaminum
1172 3566 1383 3638 consequenda,
1396 3546 1503 3599 ‘lumea

337 3650 461 3706 Romam
479 3657 547 3707 sunt
563 3651 696 3722 profecti.
733 3649 797 3718 Quo
810 3650 928 3721 quidem
941 3668 1024 3714 anno,
1038 3656 1181 3705 venerunt
1197 3651 1228 3703 in
1245 3649 1383 3720 Anglium
1395 3659 1499 3712 Amval
1510 3665 1540 3712 οῖ

337 3735 521 3806 poenitentas,
543 3735 601 3789 viri
618 3734 730 3789 nobiles
754 3742 784 3790 at
808 3734 989 3804 alienigenos,
1012 3734 1064 3804 qui
1089 3751 1143 3789 sua
1168 3751 1289 3805 corpora
1305 3733 1383 3788 nuda
1392 3727 1548 3804 tlagelnnu

335 3837 431 3890 usque
454 3819 492 3874 ad
517 3818 688 3874 effusionem
717 3818 878 3889 sanguinis,
908 3836 986 3872 nunc
1011 3817 1115 3883 flendo,
1141 3836 1218 3874 nunc
1243 3796 1552 3881 canendo,¹¹¹E¹¹⁸¹⁸¹²‘¹·

289 3917 308 3972 ι,
336 3904 478 3958 acerrime
489 3902 694 3974 flagellabaut3
713 3908 819 3967 tamen,
833 3907 868 3957 ut
881 3901 1041 3966 dicebatur,
1060 3903 1148 3958 nimis
1166 3904 1222 3959 hoc
1239 3903 1383 3959 faciebant

336 3987 593 4058 inconsulteque
610 3988 673 4042 sine
690 3987 809 4042 licentia
828 3986 913 4042 Sedis
930 3985 1116 4057 Apostolicae.

425 4225 475 4292 De
482 4223 714 4312 fabricatione
729 4224 930 4291 Groceorwm
953 4230 982 4291 et
1005 4223 1154 4291 cuntot
1178 4224 1300 4292 Grossi.

288 4381 303 4434 ι,
370 4368 455 4423 Anno
482 4367 585 4439 gratim
612 4365 767 4420 millesimo
784 4366 989 4420 trecentesimo
1017 4365 1259 4437 quinquagesimo
1276 4364 1380 4435 primo,
1393 4385 1544 4443 A.D.1351.

335 4451 388 4522 qui
406 4457 452 4508 eet
468 4469 560 4506 annus
578 4449 664 4520 regni
682 4449 774 4519 Regis
798 4449 945 4514 Edwarffi,
959 4468 977 4504 a
995 4448 1172 4521 Oouquaestu
1190 4448 1291 4512 Tertii,
1305 4448 1382 4502 vice·
1393 4464 1485 4516 emat,
1496 4473 1545 4519 and

334 4535 427 4590 simus
453 4536 581 4606 quintus,
603 4532 770 4588 Willelmus
797 4532 834 4587 de
854 4532 1044 4604 Edyugdoue,
1071 4531 1286 4603 Wyutoniensis
1312 4532 1544 4603 Epi-halfgroats

288 4635 448 4712 hacopus,
475 4620 561 4690 regni
589 4617 800 4672 Thesauran'us
827 4622 858 4672 et
882 4616 929 4672 vir
953 4633 1066 4687 meguae
1091 4615 1262 4687 prudentia,
1282 4621 1313 4672 et
1330 4618 1382 4688 qui
1391 4602 1471 4653 made.

332 4703 400 4775 plus
418 4703 509 4774 Regis
528 4702 630 4759 dilexit
647 4701 831 4758 commodum
850 4719 937 4773 quarn
959 4700 1183 4767 communitatis,
1205 4700 1381 4772 excogitavit

363 4989 372 5023 ¹
387 4989 470 5041 These
480 4996 532 5040 two
542 4987 625 5038 words
635 4999 679 5037 are
689 4983 793 5036 omitted
803 4983 832 5032 in
877 4982 945 5034 Bibl.
956 4981 1020 5047 Reg.
1034 4987 1064 5033 1³
1075 4981 1106 5034 Ε.
1118 4983 1155 5034 ix.

333 5068 580 5133 tbepriutedtexte:
598 5062 832 5130 theyuresouudin
1226 5145 1246 5207 2

1185 5160 1203 5208 S
