3750 6250
201 1288 353 1411 m.

201 1424 261 1490 aq.
276 1429 289 1475 1

701 1102 1092 1157 nrsroauluomcaua
1378 1095 1419 1157 25

369 1291 477 1356 domm,
495 1290 539 1347 sic
556 1294 700 1357 vocatum,
714 1286 876 1362 antiquitus
888 1290 925 1347 de
943 1292 1034 1349 Terra
1051 1289 1156 1349 Sancta
1168 1293 1225 1349 fuit
1242 1294 1272 1349 in
1284 1293 1421 1350 Walliam
1433 1301 1502 1355 Ab.
1518 1303 1588 1363 lita.

291 1430 309 1476 ³
369 1376 613 1518 domitatgmm
641 1460 725 1517 Santi
751 1460 916 1526 Michaelis,
947 1462 1081 1518 habitum
1110 1468 1156 1518 est
1191 1464 1422 1520 Parliamentum
1433 1417 1575 1552 Davidput

371 1545 515 1619 Selepioe3
535 1544 567 1601 in
585 1563 643 1617 quo
661 1563 714 1617 per
732 1544 886 1617 deputatos
904 1545 943 1601 ad
960 1546 1015 1601 heo
1034 1546 1210 1602 Justiciaros
1230 1547 1327 1603 David
1341 1547 1421 1619 judi·
1433 1557 1460 1601 to
1471 1551 1552 1606 death

367 1632 481 1687 cialiter
504 1630 721 1695 condemnatus,
746 1635 856 1686 tractus
881 1636 912 1685 et
935 1647 1094 1702 suspensus
1123 1636 1177 1695 est,
1202 1629 1422 1704 visceribusque

368 1716 539 1780 combustis,
564 1732 671 1785 corpus
691 1715 787 1786 capito
806 1720 983 1779 mancatum,
1005 1715 1087 1769 etin
1108 1721 1233 1786 quatuor
1253 1724 1351 1788 partes
1377 1721 1423 1773 est

367 1798 504 1855 divisum.
543 1797 655 1867 Quibus
674 1797 705 1852 in
725 1798 896 1853 civitatibus
911 1797 1030 1868 Angliae
1049 1798 1240 1854 nobilioribus
1261 1802 1420 1872 suspensis,

367 1889 455 1954 caput
480 1882 637 1937 Londoniis
662 1899 750 1953 super
774 1881 874 1952 palum
901 1881 990 1936 lixum
1017 1887 1071 1946 est,
1100 1881 1138 1935 ad
1163 1889 1305 1938 terrorem
1329 1886 1423 1940 consi·

367 1966 481 2022 milium
497 1965 688 2039 proditorum.

401 2050 497 2107 iterus
521 2056 620 2105 autem
642 2048 773 2114 Vaahan,
791 2048 985 2104 wallensium
1005 2049 1214 2115 nobilissimus,
1235 2050 1336 2106 audita
1353 2068 1419 2123 cap·

367 2134 444 2189 tione
462 2133 568 2198 David,
598 2133 706 2189 Comiti
731 2133 911 2188 Hertfordiae
937 2150 969 2188 aa
995 2133 1085 2198 dedit,
1114 2133 1250 2205 Regiquc
1275 2135 1418 2202 redditus,

367 2217 403 2273 ud
420 2219 540 2274 Turrim
558 2217 773 2272 londoniarum
791 2216 899 2271 missus
918 2218 1029 2272 carceri
1048 2218 1239 2289 mancipatur.

401 2302 557 2358 'lhanslata
574 2307 620 2357 est
635 2302 690 2357 hoc
704 2307 835 2372 tempore
847 2300 995 2356 Abbathia
1010 2301 1046 2356 da
1060 2301 1219 2357 ¹llberteun
1239 2320 1292 2374 per
1305 2302 1417 2375 Regem
1431 2332 1587 2386 (mebant

366 2385 402 2441 ad
426 2385 523 2441 locum
548 2383 658 2451 alium;
688 2390 718 2439 et
744 2390 944 2440 constructum
969 2395 1016 2440 ast
1041 2386 1072 2440 in
1099 2385 1162 2441 loeo
1189 2402 1247 2457 quo
1271 2386 1456 2450 Abbothiaet
1468 2401 1539 2451 Aba·

367 2470 460 2524 luerat
478 2468 552 2524 forts
571 2476 709 2532 castrum,
724 2467 762 2521 ad
780 2468 956 2539 irruptiones
969 2468 1163 2525 Wallensium
1181 2470 1415 2540 compescendas.
1430 2469 1549 2534 Cossvty·

366 2552 404 2608 Et
432 2552 495 2607 Rex
520 2553 552 2607 in
579 2551 728 2607 Comitatu
754 2552 877 2607 Gestriae
901 2554 990 2607 etiam
1010 2553 1185 2607 Abbathium
1211 2555 1417 2610 monachorum

366 2636 434 2691 iecit
452 2636 712 2701 cisterciensium
739 2654 837 2706 quam,
857 2636 960 2691 multis
978 2637 1101 2691 ditatam
1119 2638 1248 2708 praediis,
1271 2638 1416 2695 “Vallem

367 2723 385 2746 ‘¹
396 2718 565 2790 Begalem”
583 2718 679 2774 voluit
696 2718 847 2790 appellari.

399 2803 463 2859 Heo
481 2821 556 2858 anno
569 2802 646 2874 Regi
664 2800 834 2859 conceditur
852 2820 870 2857 a
885 2803 992 2876 populo
1010 2804 1042 2860 in
1060 2804 1224 2861 subsidium
1236 2824 1336 2863 werrae
1355 2826 1416 2864 sure

364 2888 519 2953 tricesima,
539 2894 570 2943 et
587 2905 605 2942 a
621 2887 700 2942 clero
718 2888 866 2952 vicesima,
885 2906 954 2959 pars
972 2888 1122 2945 bonorum.

398 2971 441 3026 Eo
476 2978 606 3042 ternpore
636 2969 718 3041 Papa
754 2970 899 3027 Martinus
931 2970 1108 3042 Gwydonem
1139 2973 1175 3029 dc
1202 2975 1372 3031 Moutelorti
1398 2993 1416 3030 a
1429 2993 1554 3046 Guidodp

363 3072 478 3111 carcere
496 3054 632 3119 liberans,
652 3054 683 3109 in
701 3071 759 3126 quo
776 3072 829 3127 per
847 3054 1023 3127 Gregorinm
1043 3056 1152 3128 Papam
1169 3060 1282 3130 positus
1308 3060 1413 3125 fuerat,
1427 3060 1550 3111 Montfert

363 3147 481 3212 proptor
513 3138 704 3194 homicidium
731 3140 763 3194 in
799 3139 923 3194 eeclesia
962 3143 1150 3196 commissum
1186 3143 1216 3196 in
1252 3143 1414 3199 Haurioum
1427 3129 1549 3181 ”berli‘d

363 3223 454 3296 Regis
480 3223 662 3278 Alemmniae
687 3222 791 3287 filium,
820 3230 978 3294 cognatum
1003 3224 1095 3295 Regis
1122 3225 1248 3296 Angliae,
1277 3228 1359 3282 misit
1383 3195 1510 3326 iume

363 3306 575 3372 Remanielam,
595 3323 684 3377 quam
710 3323 745 3361 eo
770 3324 844 3362 anno
869 3304 980 3362 'totam
998 3307 1133 3372 obtinuit,
1154 3316 1274 3380 excepta
1295 3311 1414 3365 civitate
1497 3301 1503 3313 '

361 3390 512 3455 Urbinate,
526 3409 614 3462 quam
633 3389 736 3445 Girido
753 3391 863 3462 incepit
883 3390 1016 3445 obsidere
1034 3392 1065 3446 in
1083 3409 1172 3446 manu
1195 3394 1315 3463 potenti.
1355 3393 1414 3449 Sed

361 3476 419 3532 cite
452 3481 529 3547 post,
556 3474 740 3531 de'liceutia
763 3474 852 3546 Papus
879 3476 988 3530 omissa
1014 3475 1164 3531 obsidione
1198 3477 1283 3532 dictae
1319 3478 1412 3544 urbis,

361 3559 390 3614 in
423 3560 561 3615 Thraciam
586 3558 684 3622 rediit,
714 3564 749 3613 ut
774 3558 976 3613 haereditatem
1003 3561 1102 3614 uxoris
1130 3579 1199 3626 susa,
1234 3568 1316 3632 patre
1337 3563 1411 3634 ejus,

361 3643 475 3699 Gemite
494 3643 579 3707 Rufo,
600 3649 723 3707 mortuo,
743 3648 906 3714 occuparet.

395 3727 525 3783 Karolus
544 3726 606 3781 Rex
625 3727 735 3782 Siciliae
753 3726 914 3795 primodie
933 3727 1017 3782 iunii
1041 3728 1122 3784 venit
1139 3729 1177 3783 ad
1194 3729 1282 3800 plana
1299 3731 1410 3787 Burde·
1425 3752 1581 3810 A.D.1282.

360 3812 456 3881 guliae,
483 3811 640 3866 comitante
666 3828 733 3864 eum
758 3810 840 3880 Rege
871 3810 1051 3865 Francorum
1078 3829 1145 3867 cnm
1172 3813 1278 3870 militia
1304 3834 1413 3888 magns

359 3894 452 3949 valde.
492 3893 634 3963 Dacujus
661 3893 787 3948 advemn
814 3893 930 3958 Petrus,
959 3894 1103 3965 quondam
1130 3896 1193 3951 Rex
1216 3896 1408 3969 ³Arragonioe,

359 3978 561 4050 premunitus,
573 3977 651 4032 diem
663 3977 807 4048 praevenit
823 3995 922 4032 coram
935 3978 1101 4034 Senescallo
1113 3979 1284 4046 wasconiae,
1298 3991 1409 4055 protes·

358 4068 423 4118 tens
442 4079 475 4118 se
492 4068 628 4134 paratum
653 4066 752 4116 tenera
769 4067 898 4132 pactum,
927 4061 979 4116 aed
1005 4080 1062 4116 non
1087 4080 1181 4134 posse,
1210 4064 1292 4136 Rege
1320 4067 1410 4122 Fran·

358 4164 459 4201 eorum
477 4146 611 4201 veniente
629 4162 695 4199 cum
713 4150 795 4199 tanta
811 4143 999 4200 multitudine
1010 4146 1148 4210 militum,
1162 4155 1263 4202 contra
1274 4150 1407 4205 sormam.

359 4229 489 4285 Reverso
518 4235 585 4301 post
613 4228 675 4283 haec
699 4227 810 4282 Karolo
837 4227 919 4298 Rege
945 4228 1054 4284 Siciliae
1080 4230 1110 4283 in
1136 4230 1284 4301 Apuliam,
1314 4233 1407 4288 Siculi

359 4321 459 4368 contra
470 4311 627 4384 Neapolim
639 4329 706 4366 cum
719 4311 827 4381 viginti
840 4318 953 4383 septem
974 4312 1095 4383 ⁴galeys
1115 4320 1258 4369 venerunt
1275 4317 1404 4372 armatis.
1421 4335 1528 4402 piem

359 4397 509 4452 Adversus
538 4414 611 4468 quos
638 4395 778 4458 Karolus,
807 4395 886 4451 filius
914 4397 1007 4466 Regis
1034 4396 1148 4461 Karoli,
1170 4404 1239 4451 tuno
1265 4399 1406 4472 Princeps
1420 4404 1513 4469 gained
1524 4406 1558 4470 by

360 4479 487 4545 Aehsiae,
519 4497 656 4551 egressus
684 4487 730 4534 est
754 4496 822 4534 cum
855 4497 964 4550 magna
987 4479 1139 4550 galearum
1164 4480 1351 4537 multitudine
1369 4485 1407 4540 ad
1420 4470 1536 4522 Pataros

360 4564 562 4635 pugnandum:
592 4563 788 4618 obtinentibus
806 4562 960 4618 victoriam
986 4564 1127 4628 hostibus,
1157 4571 1258 4636 captus
1277 4573 1407 4625 osteum
1420 4538 1534 4604 ‘mm'

362 4648 459 4704 multis
478 4649 556 4713 aliis,
576 4655 607 4703 et
624 4647 662 4701 ad
679 4648 829 4703 civitatem
846 4646 1013 4703 Messanam
1031 4647 1173 4703 deductus
1192 4651 1334 4723 captivus.

1321 4849 1406 4861 ..-

398 4983 537 5056 'Mennim
549 4988 621 5041 Abcr
631 4988 750 5054 Conway.
923 4988 1200 5058 ‘Arreporioeinorig.

401 5065 575 5120 'mintha
585 5068 684 5134 printed
694 5077 770 5122 texta
925 5067 1050 5136 ‘patriciu
1060 5070 1103 5121 the
1114 5071 1213 5136 printed
1224 5079 1298 5124 texta.
