3750 6250
741 1076 1130 1155 mstonmsua‘ncauu.
1417 1088 1459 1154 29

296 1306 396 1360 ungar.
414 1296 588 1357 moraretur,
626 1290 713 1347 miles
761 1290 897 1363 ¹quidam
934 1292 1081 1364 Angliens
1128 1291 1284 1364 quamdam
1314 1290 1461 1356 Judaeum,
1519 1295 1588 1348 A.D.

296 1359 382 1451 ij
414 1394 503 1448 super
521 1375 687 1431 detentione
713 1376 844 1432 indebita
861 1376 1015 1448 cujusdam
1042 1377 1166 1433 manerii
1184 1376 1241 1432 sibi
1263 1375 1461 1447 impignorati,
1480 1366 1635 1415 ¹²⁸⁷·1238·

297 1432 353 1480 '¹³
414 1477 513 1515 coram
527 1460 678 1531 judicibus
695 1461 851 1517 convenire
869 1460 1008 1517 decrevit.
1064 1460 1123 1516 Sed
1150 1460 1273 1516 Judaeua
1298 1458 1463 1532 versipellis
1477 1469 1602 1535 Dedings

414 1543 590 1617 respondere
602 1546 709 1609 renuit,
722 1545 905 1617 praetendens
918 1546 1049 1602 chartam
1067 1546 1159 1617 Regis
1172 1544 1318 1617 quondam
1329 1544 1462 1610 Henrioi,
1478 1537 1619 1655 offlam

415 1629 554 1699 quesibi
581 1629 728 1687 indultum
756 1631 812 1685 fuit
832 1648 869 1685 nc
887 1647 986 1685 coram
1007 1630 1108 1701 judice
1133 1630 1241 1701 aliquo,
1263 1630 1325 1685 solo
1343 1646 1464 1701 corpore
1478 1670 1540 1721 'iffi
1550 1670 1594 1721 the

296 1507 322 1548 Ι.

416 1714 496 1784 regis
508 1721 637 1786 excepto,
648 1716 680 1769 in
684 1713 830 1785 judicium
839 1714 917 1769 trahi
929 1722 1037 1786 posset.
1075 1714 1173 1781 Miles,
1185 1731 1273 1786 super
1282 1714 1337 1769 hoc
1349 1715 1462 1779 anxius,
1478 1738 1556 1790 σω,

415 1797 599 1854 Wcsoouiam
617 1798 699 1863 adiit,
722 1804 757 1853 ut
773 1816 861 1869 super
880 1798 935 1853 hoo
954 1816 972 1854 a
991 1798 1072 1870 Rege
1093 1798 1257 1854 remedium
1274 1798 1395 1870 aliquod
1411 1799 1465 1853 im-

415 1889 552 1955 petraret.
602 1882 695 1951 Quem
721 1901 789 1939 cum
814 1883 877 1938 Rex
904 1883 1184 1947 audisset-“Non
1207 1882 1321 1948 decet,''
1342 1879 1463 1955 [inquit]

417 1970 436 1994 ‘¹
454 1967 573 2022 irritare
591 1967 668 2024 facta
684 1973 847 2038 parentum,
870 1967 977 2038 quibus
1002 1967 1069 2038 lege
1096 1967 1195 2024 divina
1217 1967 1360 2039 jubentur
1383 1984 1465 2023 reve·

417 2050 580 2106 “rentiam
601 2051 745 2106 exhibere.
794 2050 918 2122 Propter
937 2051 1024 2123 quod,
1053 2052 1161 2107 factum
1187 2052 1279 2123 patris
1306 2053 1365 2107 mei
1383 2068 1466 2106 revo-

416 2139 436 2165 “
455 2153 523 2192 care
540 2153 598 2191 non
615 2135 751 2201 decrevi,
780 2135 833 2191 sed
850 2136 906 2191 tibi
924 2135 1097 2206 caterisque
1115 2137 1201 2207 regni
1218 2136 1278 2191 mei
1296 2152 1381 2207 aequa
1397 2136 1465 2207 lege

416 2224 436 2250 ‘⁸
455 2221 504 2288 (ne
522 2221 618 2292 potior
642 2218 777 2275 videatur
796 2220 815 2274 J
818 2220 918 2275 udoens
938 2238 1026 2291 quam
1045 2219 1241 2290 Christianus)
1259 2219 1408 2291 indulgeo,
1428 2237 1465 2275 ne

416 2309 435 2334 ⁴⁴
454 2323 508 2378 pro
526 2322 700 2377 quacunque
718 2304 827 2376 injuria
844 2305 888 2360 illi
908 2303 1013 2360 Judaeo
1031 2305 1122 2370 illata,
1137 2305 1278 2377 quamdiu
1295 2306 1396 2362 charta
1413 2323 1467 2361 sua

417 2392 436 2417 ‘¹
456 2388 585 2461 gaudere
597 2389 734 2453 voluerit,
748 2406 845 2444 coram
860 2388 961 2460 judice
979 2389 1089 2461 aliquo,
1109 2408 1156 2444 me
1175 2396 1303 2461 excepto,
1317 2390 1466 2445 conveniri

417 2478 437 2503 “
456 2473 606 2545 possitis.''
654 2472 832 2529 Revertente
850 2489 918 2528 oum
937 2473 992 2528 hoc
1010 2473 1169 2544 privilegio
1186 2473 1291 2539 milite,
1314 2474 1465 2530 attendens

416 2557 436 2612 J
438 2556 539 2613 ndoeus
557 2557 615 2613 sibi
633 2557 786 2612 imminere
804 2556 943 2612 damnum
961 2563 991 2612 et
1008 2558 1180 2629 periculum,
1196 2563 1351 2629 spontanee
1362 2576 1467 2613 renun-

415 2642 475 2697 ciat
486 2659 547 2696 suae
560 2642 679 2705 chartae,
693 2647 796 2712 optans
810 2639 862 2696 ²ut
874 2646 1015 2696 evacuata
1033 2641 1198 2698 conditione
1216 2642 1378 2713 privilegii,
1397 2661 1466 2715 pars

416 2733 540 2797 utraque
559 2726 620 2796 logi
638 2726 785 2780 communi
802 2725 901 2781 valeat
919 2725 1079 2797 subjacere.

451 2809 495 2864 Εο
521 2816 662 2880 tempore,
686 2808 733 2864 die
760 2809 886 2880 quadam
910 2827 978 2865 cum
1003 2809 1066 2864 Rex
1094 2817 1124 2866 et
1149 2809 1274 2881 Regina,
1301 2811 1333 2866 in
1351 2829 1467 2868 camera
1480 2832 1578 2898 Empe

416 2893 542 2964 quadam
560 2894 774 2957 convenientos,
795 2910 883 2964 super
901 2894 1011 2948 lectum
1029 2894 1186 2965 quemdam
1200 2894 1464 2961 confabularentur,
1481 2900 1546 2949 from
1561 2899 1638 2965 light·

419 2979 494 3033 ictus
519 2977 652 3033 fulminis
676 2995 729 3049 per
747 2977 914 3041 fenestram,
939 2996 1005 3049 quar
1023 2979 1066 3033 eis
1085 2984 1147 3034 erat
1165 2996 1183 3032 a
1200 2978 1296 3043 dorso,
1317 2980 1467 3049 ingressus
1480 2968 1544 3031 ning
1555 2968 1585 3045 9?

418 3068 472 3127 est,
493 3067 524 3116 et
541 3062 618 3116 iuter
642 3078 692 3115 eos
717 3061 872 3126 transiens,
903 3062 976 3133 ipsis
1000 3061 1117 3132 penitus
1143 3061 1256 3127 illaesis,
1278 3062 1351 3118 duos
1375 3063 1467 3118 domi·
1480 3033 1629 3163 {iffissegen

418 3147 518 3209 cellos,
539 3147 589 3217 qui
607 3146 640 3201 in
657 3163 759 3200 eorum
777 3146 894 3202 stabant
910 3147 1075 3218 praesentia,
1095 3147 1252 3203 interfecit.
1305 3148 1468 3220 Stupefacti
1632 3138 1639 3153 ”

419 3229 574 3287 admodum
594 3229 693 3285 caeteri
710 3246 812 3284 omnes
833 3230 884 3301 qui
904 3230 1034 3293 aderam,
1063 3247 1098 3284 ex
1116 3229 1255 3295 evidenti,
1279 3232 1356 3301 quod
1375 3233 1467 3287 conti·

420 3321 513 3387 gerat,
527 3313 746 3386 perpendebant
757 3313 908 3378 miraculo,
922 3313 1015 3369 divini
1026 3312 1218 3385 ³protectioni
1233 3315 1361 3371 numinis
1380 3316 1468 3373 saluti

418 3398 529 3469 *regia
548 3416 605 3452 non
623 3397 734 3453 deesse.

456 3481 519 3537 Sub
537 3482 640 3537 eodem
657 3487 788 3553 tempore
802 3482 865 3537 Rex
884 3480 975 3553 Cypri
993 3481 1071 3552 apud
1089 3481 1189 3538 Accon
1206 3482 1238 3538 in
1256 3483 1369 3555 Regem
1386 3485 1469 3540 Ieru-
1481 3509 1617 3574 'phegiug

420 3567 512 3622 salem
541 3572 712 3622 coronatur:
733 3565 819 3638 ¹quod
837 3566 942 3621 Comes
969 3567 1184 3624 Attrobatensis
1211 3568 1242 3622 in
1265 3569 1468 3640 praejudioium
1481 3576 1624 3642 ofcyprus

420 3651 513 3721 Regis
526 3651 645 3715 Sicilire,
660 3650 712 3721 qui
731 3668 856 3720 regnum
874 3649 948 3704 illud
960 3650 1141 3716 vendicabat,
1161 3653 1271 3708 sactum
1290 3654 1467 3721 existimans,
1481 3644 1598 3721 ΨΜ

420 3734 495 3789 bona
506 3735 739 3805 Templariorum
752 3740 782 3790 et
792 3733 1068 3804 Hospitalariorum‚
1083 3736 1153 3806 quia
1170 3736 1247 3792 facto
1264 3737 1334 3793 huic
1352 3755 1470 3794 consen·
1481 3708 1594 3829 'lffiff

420 3825 527 3882 serant,
548 3818 659 3896 ubique
676 3835 730 3890 per
742 3817 883 3888 Apuliam
901 3817 1078 3875 confiscavit.
1583 3790 1631 3829 ‘m'

457 3901 611 3956 Paridem
629 3909 745 3972 tempus
764 3900 913 3965 Allonem,
944 3901 1006 3955 Rex
1030 3902 1212 3973 Arragonioe,
1240 3904 1339 3962 missis
1357 3905 1395 3961 ad
1413 3905 1470 3961 Ou-

423 3985 498 4040 riam
516 3985 677 4041 Romanam
695 3985 820 4048 nunciis,
840 3985 1044 4040 ⁵reoonciliari
1070 3987 1176 4057 petivit
1193 3986 1343 4055 Ecclesiae,
1358 3989 1394 4044 de
1412 3990 1471 4047 hiis

424 4086 489 4140 quae
507 4086 560 4140 per
578 4077 692 4140 patrem
710 4086 793 4123 suam
812 4069 890 4123 sacta
906 4068 1022 4124 fuerant
1039 4087 1071 4124 se
1090 4087 1239 4128 excusans.

459 4153 577 4207 Transit
594 4170 686 4206 annus
705 4152 761 4207 istc
785 4152 911 4223 frugifer
929 4158 960 4207 et
977 4153 1112 4208 fructifer
1135 4156 1214 4209 omni
1240 4156 1318 4227 plebi
1329 4179 1337 4223 ;
1358 4156 1378 4211 J
1381 4157 1471 4213 udoeis

424 4254 477 4309 per
489 4236 629 4307 Angliam
650 4236 755 4302 tristis,
769 4243 800 4293 et
817 4237 962 4292 malorum
981 4237 1180 4306 indicativus,
1201 4240 1330 4306 Francis,
1353 4241 1472 4312 Anglis-

425 4339 482 4391 que
500 4321 627 4389 quietus.

296 4409 393 4466 lesl.
460 4406 544 4459 Anno
571 4405 675 4475 gratia
700 4405 856 4467 millesimo
882 4405 1080 4461 ducentesimo
1105 4407 1282 4478 octogesimo
1308 4427 1392 4475 nono,
1421 4411 1472 4481 qui

296 4483 365 4595 ἔνι’*
425 4495 472 4546 est
491 4506 583 4543 annus
609 4489 695 4560 regni
717 4488 809 4561 Regis
833 4488 979 4554 Edwardi,
1006 4509 1024 4544 a
1042 4490 1220 4562 Conquaestu
1238 4492 1341 4558 Primi,
1372 4502 1472 4550 sextus

460 4828 572 4893 ¹qur'da
583 4828 611 4879 in
622 4829 686 4896 orig.
974 4830 1017 4879 tbe
1028 4829 1127 4894 printed
1140 4838 1215 4882 texts.

459 4911 504 4958 'el
520 4910 648 4960 oometed
675 4917 701 4960 to
723 4917 751 4958 st
775 4908 802 4960 in
826 4924 841 4960 a
863 4909 927 4960 later
1007 4910 1088 4975 *repis
1098 4911 1126 4959 in
1138 4911 1181 4961 the
1192 4911 1290 4975 printed
1301 4921 1375 4964 texts.

428 4987 511 5046 band3
529 4995 554 5038 et
564 4987 592 5038 in
604 4987 647 5038 the
658 4987 758 5053 printed
766 4996 840 5039 texts.
1007 4988 1178 5040 'reconciliari
1188 4990 1216 5040 in
1227 4991 1290 5056 orig.

461 5068 524 5118 'An
544 5067 848 5133 morsorprotecrionem,
860 5083 887 5118 aa
899 5067 925 5117 in
