3750 6250
675 1112 838 1163 nxsroan
860 1112 1070 1166 mentetua
1333 1100 1397 1166 409

199 1282 244 1334 ts.
257 1284 325 1338 Bibl.
353 1284 506 1340 'fraternae
533 1285 612 1341 necis
633 1287 834 1343 comminando
857 1287 957 1343 dicens
969 1288 1148 1359 improperet
1158 1286 1316 1354 ;-²“Vex
1335 1305 1398 1342 san·
1413 1307 1567 1362 &121379’

199 1351 245 1432 ‘²ss
258 1357 288 1401 ¹³
355 1369 492 1439 “guinis
518 1370 618 1425 fratris
645 1370 689 1425 tui
716 1371 822 1427 clamat
853 1372 891 1427 ad
923 1390 971 1427 me
1003 1372 1040 1427 de
1069 1378 1158 1437 terra,
1187 1378 1217 1428 et
1246 1371 1402 1427 maledicta

199 1446 215 1465 ⁴'
229 1432 267 1469 ¹¹⁰
354 1455 373 1479 “
393 1459 473 1509 terra
507 1455 538 1509 in
573 1472 660 1527 opere
690 1461 750 1520 tuo,
782 1474 848 1526 quar
877 1458 993 1528 aperuit
1022 1475 1054 1513 es
1085 1474 1181 1521 suum,
1213 1462 1244 1511 et
1273 1456 1403 1528 suscepit

354 1542 373 1563 ⁴⁴
392 1539 582 1610 'sanguinem
593 1540 694 1595 fratris
706 1540 782 1595 tui.'’
819 1540 891 1610 Quis
904 1547 1002 1597 autem
1020 1542 1111 1597 frater
1129 1540 1254 1597 earnalis
1273 1559 1402 1612 unquam

352 1623 464 1694 majora
488 1624 639 1679 commoda
664 1624 804 1679 fratribus
830 1625 891 1681 suis
919 1626 1080 1682 elaboravit
1102 1627 1220 1690 inferre,
1240 1644 1328 1696 quam
1346 1627 1402 1681 iste

352 1708 530 1763 nostratibus
556 1709 739 1765 machinatus
764 1708 832 1765 est?
867 1710 983 1766 Revera
1008 1710 1167 1776 dicebatur,
1193 1710 1271 1782 quod
1297 1711 1402 1782 libram

352 1792 462 1863 piperis
479 1809 534 1863 pro
552 1798 677 1864 quatuor
694 1792 821 1848 denariis
838 1794 1028 1860 vendidisset,
1042 1801 1073 1850 et
1084 1796 1126 1851 ita
1138 1800 1347 1866 consequenter
1365 1795 1402 1849 de

353 1876 478 1946 singulis
502 1878 634 1933 iaciendo
659 1877 815 1950 generibus
842 1880 1015 1950 specierum.
1054 1880 1137 1949 Quod
1158 1880 1287 1951 profecto
1306 1886 1402 1936 tractu

353 1961 491 2031 temperis
509 1961 659 2018 indicibile
677 1962 904 2018 emolumentum
918 1964 1020 2020 incolis
1038 1965 1211 2036 peperisset.

353 2300 485 2389 diepam
506 2303 616 2371 Pestis
638 2304 681 2370 ia
700 2304 862 2390 prcrtibca
884 2304 1084 2371 Boreolibas
1094 2329 1108 2385 ,·
1140 2302 1296 2393 Scotique
1319 2313 1401 2371 tunc

639 2414 754 2495 portes
775 2408 857 2475 illos
878 2407 1085 2477 ‘irtoedcrttea

388 2580 498 2637 Eodem
522 2600 605 2647 anno,
639 2588 771 2654 tempore
795 2582 919 2638 estivali
950 2588 1032 2639 tanta
1057 2582 1149 2654 pestis
1173 2588 1273 2638 exorta
1296 2588 1341 2638 est
1369 2582 1399 2635 in
1412 2595 1437 2645 Α
1448 2603 1519 2661 grem

352 2667 485 2738 partibus
508 2666 682 2723 Borealibus
701 2685 736 2722 ex
759 2668 860 2738 iniquo
884 2666 990 2731 sidere,
1017 2674 1125 2738 quanta
1147 2685 1296 2738 nunquam
1315 2663 1545 2726 anteapestileuce

352 2750 417 2805 visa
436 2751 511 2816 fuit;
537 2750 608 2806 adeo
625 2770 751 2823 nemque
768 2750 894 2806 invaluit
912 2751 970 2822 ipsi
995 2752 1060 2822 ipsa
1077 2752 1250 2815 mortalitas,
1274 2755 1308 2806 ut
1326 2768 1399 2823 pene
1411 2730 1439 2846 531¹
1451 2730 1495 2846 ‘hg
1525 2798 1539 2846 s

352 2839 443 2889 totam
466 2835 592 2906 patriam
612 2836 648 2890 de
669 2835 883 2907 probatissimis
908 2834 982 2891 viris
1006 2835 1103 2890 subito
1128 2836 1284 2907 spoliarct;
1310 2842 1341 2889 ct
1364 2834 1400 2889 de
1413 2806 1539 2929 3332&

352 2919 557 2984 mediocribus,
574 2919 645 2991 qnid
663 2918 827 2984 dicendum,
842 2918 997 2975 evacuavit
1016 2919 1178 2989 quamlibet
1197 2922 1258 2975 lere
1270 2919 1398 2983 domum,

352 3008 387 3058 ut
408 3002 526 3073 penitus
550 2998 613 3059 sola
635 3009 821 3069 remaneret;
847 3002 975 3058 familias
1000 3003 1196 3075 amplissimas
1220 3002 1401 3058 absorbendo

352 3086 471 3154 delevit,
484 3106 541 3143 non
558 3088 702 3160 usquead
713 3106 813 3154 unum,
828 3086 880 3144 sed
900 3095 1053 3160 usquequo
1074 3088 1197 3154 nullum,
1212 3088 1400 3160 superstitem

353 3170 579 3244 derelinqueret.
629 3172 689 3229 Sed
714 3175 777 3230 haec
800 3191 948 3246 perpauca
967 3173 1037 3228 bunt
1053 3179 1191 3245 respectu
1214 3190 1316 3228 eorum
1335 3190 1400 3243 quae

353 3263 525 3329 sequuntur.

387 3342 554 3407 Enimvero,
585 3344 617 3398 in
646 3349 760 3399 tantum
783 3349 946 3416 aggravata
969 3347 1015 3400 est
1037 3361 1140 3398 manus
1168 3342 1285 3397 Domini
1313 3359 1402 3413 super

352 3445 411 3492 eos,
436 3434 470 3482 ut
491 3427 579 3483 villos
603 3435 634 3483 et
662 3427 777 3500 oppida,
803 3428 874 3484 olim
897 3428 971 3484 viris
1000 3427 1125 3493 bellicis,
1150 3426 1351 3498 prudentibus,
1372 3431 1402 3481 ct

352 3511 564 3581 praedivitibus
587 3531 621 3567 ac
641 3511 712 3583 ipsis
732 3513 851 3578 colonis,
876 3513 1080 3575 refertissima,
1104 3513 1165 3567 suis
1188 3511 1401 3567 habitatoribus

352 3593 525 3651 destituerat
543 3601 573 3651 et
590 3596 620 3650 in
640 3596 826 3652 solitudinem
846 3597 996 3668 redigeret
1007 3603 1037 3652 et
1054 3595 1210 3651 desertum.
1248 3596 1288 3651 Et
1314 3613 1401 3668 super
1414 3611 1470 3661 The
1483 3611 1556 3663 5002,

352 3680 458 3744 omnia,
486 3679 575 3745 Secti,
601 3687 635 3736 ut
655 3687 745 3752 patet,
770 3681 892 3737 humani
910 3681 1028 3752 generis
1046 3680 1169 3746 inimici,
1193 3698 1251 3735 non
1274 3679 1505 3753 compatiente

352 3770 396 3819 tot
422 3764 637 3835 ⁴proximorum
664 3766 817 3831 mortibus,
845 3783 903 3821 nou
930 3765 1083 3822 condolere
1108 3770 1152 3821 tot
1175 3765 1398 3831 calamitatibus,
1413 3746 1566 3810 mmm·

352 3848 518 3906 didicerunt
538 3850 636 3922 gentis
657 3851 779 3915 misera,
802 3856 950 3921 postremo
969 3868 1023 3905 nce
1052 3868 1170 3906 menum
1191 3850 1319 3916 Domini,
1340 3857 1400 3906 tam

352 3933 478 3990 vicinam
498 3935 551 4001 eis,
567 3934 664 3989 vereri
684 3934 842 4000 sciverunt,
863 3933 916 3989 sed
936 3933 1154 3991 inhumaniores
1174 3935 1279 4000 brutis,
1300 3936 1400 3989 effera·

352 4018 441 4074 tiores
472 4019 553 4085 feris,
574 4019 655 4075 istud
685 4024 802 4091 tempus
825 4018 1074 4075 accommodatum
1105 4037 1206 4075 eorum
1235 4019 1401 4075 crudelitati

352 4109 496 4174 putantes,
510 4104 672 4174 ingentem
692 4103 794 4158 morbo
805 4108 836 4158 et
846 4108 929 4174 peste
947 4100 1164 4159 ‘tabescentem
1183 4103 1305 4168 efferati,
1328 4120 1400 4173 quos

353 4190 495 4246 Dominus
507 4198 692 4263 percusserat
707 4191 853 4263 persecuti
872 4197 950 4256 sunt,
965 4197 994 4246 et
1005 4192 1015 4218 ⁶
1026 4190 1139 4262 [super]
1154 4191 1283 4246 dolorem
1301 4192 1401 4244 vulne·

353 4293 419 4330 rum
437 4293 538 4330 eorum
559 4276 742 4341 addiderunt,
768 4276 966 4347 percutientes
986 4276 1017 4330 in
1036 4293 1086 4330 ore
1110 4275 1202 4346 gladii
1226 4275 1305 4329 vires
1323 4275 1401 4329 bello
1413 4292 1565 4346 Enomjfie,

352 4366 445 4432 aptae,
460 4379 532 4431 quos
544 4360 673 4416 nondum
691 4361 809 4416 morbus
822 4367 873 4415 aut
885 4360 977 4431 pestis
990 4360 1139 4423 infecerat,
1154 4368 1193 4424 et,
1208 4358 1400 4429 plurimorum
1412 4362 1555 4412 committed

352 4445 509 4516 amputatis
522 4444 675 4516 capitibus,
689 4462 795 4500 vesane
808 4443 913 4515 spiritu
926 4444 1030 4515 agitati
1043 4445 1107 4515 ipsa
1119 4443 1215 4513 capita
1226 4442 1263 4497 ad
1275 4442 1400 4498 invicem
1412 4427 1448 4491 bl
1458 4426 1533 4479 them.

429 4618 553 4624 .-.δ-η
577 4620 582 4622 .
655 4619 715 4623 ---.
783 4617 791 4621 .
822 4616 873 4622 ⁴..-
901 4617 905 4620 .
924 4611 1269 4621 .--«---.-—.-.--—-u-⁴.--

386 4725 490 4777 ¹subitoe
499 4725 656 4777 aecuintlre
667 4725 767 4789 printed
778 4732 851 4776 texts.
937 4724 1091 4776 ’tabescente
1123 4725 1150 4776 in
1185 4727 1248 4792 erig.
1282 4729 1331 4778 and
1357 4727 1400 4780 the

385 4806 470 4858 ’Geta
479 4806 513 4856 iv.
527 4811 566 4856 lo.
902 4804 1084 4868 printedtexts.
1115 4806 1323 4859 Conectedlrem
1331 4807 1399 4858 Bibl.

385 4886 532 4952 ’maculari
543 4885 570 4935 iu
590 4885 663 4951 orig,
681 4886 716 4951 ey
735 4884 851 4934 inadver·
902 4886 965 4951 Reg.
980 4891 1010 4936 13
1025 4885 1056 4937 E.
1073 4885 1109 4936 ix.

352 4976 431 5020 leuce.
935 4969 945 4995 ⁸
957 4965 1078 5030 Supplied
1086 4968 1150 5017 stom
1162 4966 1229 5017 Bibl.
1238 4968 1301 5032 Reg.
1321 4973 1351 5017 1³
1369 4968 1398 5018 Ε.

386 5047 590 5101 *caseatorum
598 5047 625 5098 ia
635 5047 676 5098 the
681 5045 782 5111 printed
788 5052 862 5097 texts.
901 5045 950 5096 ix.:
971 5042 1075 5096 omitted
1086 5045 1113 5095 in
1125 5045 1167 5095 the
1178 5045 1278 5110 printed
1290 5053 1365 5097 texts.
