3750 6250
658 1102 1048 1153 nrsronmancmcsns
1309 1091 1374 1154 253

333 1289 353 1315 ‘¹
371 1287 523 1353 Burboun,
543 1287 576 1343 in
596 1288 724 1344 animam
750 1289 868 1346 Domini
895 1289 1037 1361 Philippi,
1067 1289 1158 1360 Regis
1186 1289 1327 1354 Francia,
1353 1295 1383 1345 et
1395 1290 1462 1342 Al).
1478 1295 1548 1341 1843.

333 1374 353 1399 “
373 1372 515 1427 Dominus
533 1372 680 1428 Honricus
692 1373 879 1437 Lancastrim
900 1373 1042 1428 Dominus
1054 1373 1221 1429 Willelmus
1239 1374 1275 1429 de
1287 1375 1380 1437 Banu,

277 1454 290 1465 “
334 1456 515 1512 “Dominus
536 1456 701 1512 Willelmns
726 1457 763 1511 de
783 1457 883 1512 Monte
903 1457 1009 1521 Acuta,
1036 1456 1175 1522 Comites,
1201 1458 1232 1513 in
1256 1458 1383 1512 animam

265 1567 288 1602 ·.
334 1540 492 1595 “Domini
518 1540 664 1604 aurardi,
693 1541 785 1612 Regis
806 1541 933 1611 Angliae‚
963 1541 1122 1596 secundum
1147 1540 1316 1596 mandatum
1340 1543 1382 1596 eis

335 1628 355 1653 “
373 1642 426 1697 per
437 1625 536 1695 Reges
555 1626 706 1697 saepefatos
733 1626 852 1690 factum,
875 1627 961 1681 tactis
982 1626 1179 1681 Sacrosanctie
1200 1626 1380 1698 Evangelia,

335 1712 355 1738 ‘⁴
370 1710 569 1780 juramentum
606 1710 807 1780 praestiterunt
836 1709 1015 1780 ¹corporale.
1074 1710 1151 1765 Data
1185 1710 1217 1764 in
1246 1710 1382 1766 Prioratu

334 1795 354 1821 ‘¹
375 1792 488 1849 Sancta
500 1792 602 1847 Maria
614 1793 796 1864 Magdalenae
808 1793 845 1847 de
857 1793 1021 1859 Maletrete‚
1035 1792 1154 1849 Ordinis
1173 1793 1272 1850 Sancti
1291 1795 1383 1849 Bene·

335 1879 355 1905 ‘⁶
374 1877 455 1941 dieti,
466 1876 609 1932 Dioaeesis
621 1875 851 1948 ²Vanete[nsis],
865 1878 1065 1934 nonodecimo
1077 1879 1124 1934 die
1136 1879 1167 1933 ¹J
1168 1880 1297 1943 aunario,
1308 1896 1383 1934 anno

336 1963 356 1989 “
375 1960 493 2016 Domini
511 1960 667 2015 millesimo
685 1963 890 2017 trecentesimo
908 1962 1133 2033 quadragesimo
1154 1962 1311 2018 secund0.’'

266 2040 304 2091 bl·
369 2045 454 2100 Anno
483 2045 586 2116 gratim
615 2045 771 2101 millesimo
797 2048 1001 2102 trecentesimo
1028 2048 1251 2118 quadragesimo
1276 2048 1380 2118 primo,
1395 2044 1547 2096 A.D.1341.

266 2112 278 2157 ³
336 2128 388 2200 qni
415 2135 462 2184 est
490 2146 583 2183 annus
613 2130 697 2199 regni
727 2130 819 2200 Regis
848 2130 995 2194 Edwardn
1028 2149 1046 2185 a
1073 2131 1249 2202 Conquaestu
1278 2132 1380 2196 Tertii,

336 2212 606 2284 quintus-decimus,
626 2213 721 2269 tenuit
738 2214 801 2267 Rex
818 2214 924 2269 Natale
943 2215 1021 2286 apud
1038 2212 1262 2286 Wyndeslrorce.

369 2296 480 2351 Eodem
500 2315 583 2361 anno,
611 2296 673 2351 Rex
699 2297 859 2353 Edwardns
884 2315 953 2353 eum
980 2317 1032 2353 suo
1058 2300 1176 2369 navigio
1199 2298 1382 2355 Britanniam
1394 2299 1466 2366 King

334 2381 494 2451 navigavit,
528 2381 579 2435 ubi
602 2380 656 2452 per
682 2382 761 2437 cibos
787 2389 817 2437 et
847 2388 933 2453 potus
959 2382 1133 2453 incongruos
1159 2383 1258 2454 plures
1284 2383 1382 2438 amisit
1393 2366 1503 2417 ΠΜ

335 2464 372 2519 de
390 2465 460 2519 suia.
498 2463 561 2533 Quo
578 2472 708 2536 tempere
726 2467 808 2520 missi
828 2466 951 2521 suntad
969 2484 1036 2521 eum
1054 2466 1112 2520 duo
1131 2466 1309 2531 cardinales,
1330 2467 1381 2537 qni
1394 2448 1490 2550 ⁰¹⁰⁸?

335 2564 371 2603 ex
387 2555 470 2620 parte
487 2549 575 2620 Papae
593 2557 712 2619 treugas
729 2550 887 2606 triennales
904 2551 1072 2607 indixerunt
1088 2552 1165 2607 inter
1189 2552 1304 2623 Reges;
1327 2552 1381 2606 snb
1394 2515 1531 2631 magne,

336 2649 394 2703 quo
419 2633 522 2703 spatio,
542 2633 579 2687 de
602 2633 670 2703 jure
696 2634 774 2703 quod
792 2634 854 2687 Rex
878 2632 996 2705 Angliae
1013 2635 1179 2691 vendicavit
1203 2636 1234 2690 in
1259 2652 1382 2705 reguum
1395 2634 1477 2684 where
1488 2634 1520 2683 he

336 2715 478 2781 Francira
503 2717 610 2772 discuti
635 2723 734 2788 posset
751 2717 789 2771 ad
814 2718 944 2788 plenum.
982 2718 1019 2772 In
1038 2719 1185 2773 redeundo
1204 2736 1319 2790 quoque
1346 2719 1382 2773 de
1395 2700 1485 2815 ⁸⁰³⁸}

335 2799 497 2865 Britannia,
515 2802 642 2856 maxima
658 2801 840 2856 incommoda
857 2819 909 2872 per
927 2803 1069 2857 marinam
1090 2808 1292 2874 tempestatem
1317 2820 1381 2874 per·
1395 2774 1467 2832 3²⁸⁸
1487 2780 1537 2815 ω’

334 2901 437 2955 pessus
464 2891 518 2950 est,
547 2904 612 2956 qum
637 2887 739 2956 utique
764 2886 933 2940 ‘dicebatur
960 2902 1013 2956 per
1036 2887 1263 2956 nigromanticus
1290 2887 1381 2958 Regis

335 2967 466 3024 Francia
484 2970 643 3040 procurari.

369 3053 434 3108 Hoc
464 3070 547 3117 anno,
585 3053 688 3125 quinto
723 3052 771 3107 die
798 3052 890 3115 Junii,
922 3052 1000 3123 apud
1029 3053 1191 3107 manerium
1208 3054 1324 3125 regium
1345 3053 1380 3107 de
1393 3057 1512 3110 Birthof

334 3136 489 3208 Dangalae,
513 3138 598 3209 juxta
625 3137 763 3193 Sanctum
781 3136 936 3202 Albanum,
957 3136 1082 3190 Domina
1106 3137 1243 3209 Philippa
1267 3138 1381 3208 Regina
1393 3126 1510 3176 fflmufld
1521 3126 1553 3176 0f

334 3222 449 3292 peperit
468 3221 570 3284 filium,
598 3222 649 3292 qui
674 3221 837 3292 baptizatus
856 3227 901 3275 est
919 3238 937 3274 a
955 3220 1079 3274 Domino
1106 3220 1249 3275 Michaele
1266 3220 1380 3277 Abbate
1392 3193 1516 3259 langley

335 3304 371 3359 de
390 3305 497 3360 Sancte
514 3305 638 3369 Albano,
659 3311 690 3359 et
706 3305 870 3360 nominatus
889 3311 934 3359 est
954 3308 973 3331 “
986 3305 1188 3360 Edmundus.”

370 3388 488 3444 Transit
516 3407 607 3444 annus
637 3390 693 3444 iste
723 3389 849 3459 frugifer
878 3396 908 3444 et
937 3390 1079 3454 fructifer,
1111 3407 1210 3444 rerum
1233 3390 1381 3445 venalium

336 3473 487 3543 copiosum
515 3473 682 3544 regionibus
710 3473 840 3527 Frauciae
871 3479 958 3542 atque
985 3473 1091 3529 Scotiae
1116 3474 1242 3540 otiosus;
1264 3474 1382 3545 Anglioe

336 3555 506 3620 laboriosus,
527 3565 723 3628 sumptuosus,
744 3563 774 3611 et
792 3557 949 3612 studiosus.

371 3639 456 3694 Anno
474 3639 577 3710 gratiae
595 3641 751 3695 millesimo
776 3642 981 3697 trecentesimo
1003 3642 1226 3713 quadragesimo
1244 3637 1461 3707 secundarit).
1477 3644 1548 3690 1342·

338 3723 389 3794 qni
404 3722 453 3779 ⁴ast
468 3742 560 3779 annus
576 3725 660 3794 regni
674 3725 765 3795 Regis
778 3724 923 3789 Edwardi,
937 3743 956 3779 a
968 3724 1144 3797 Conquaestu
1155 3729 1257 3793 Tertii,
1272 3735 1382 3784 sextus·

337 3807 476 3872 decimus,
495 3809 590 3863 tenuit
607 3808 670 3863 Rex
686 3807 793 3862 Natale
811 3809 889 3879 apud
906 3809 1101 3881 Kenyngtone
1119 3811 1295 3878 solemniter,
1316 3831 1382 3869 eum

336 3891 524 3947 multitudine
542 3899 602 3946 tam
619 3891 780 3946 incolarum
800 3910 886 3962 quam
905 3893 1135 3964 alienigenarum
1159 3914 1267 3968 magna
1283 3899 1379 3952 nimis.

372 3975 437 4030 Hoc
455 3993 538 4038 anno,
558 3975 728 4031 Lodowicus
753 3975 789 4029 de
808 3975 943 4041 Bavaria,
970 3978 1021 4049 qui
1048 3996 1079 4033 se
1106 3979 1316 4051 Imperatorem
1333 3998 1382 4051 ap·
1394 3970 1461 4022 Μ)-
1476 3976 1548 4022 ¹³⁴¹·

336 4058 466 4130 pellant,
493 4059 666 4131 foedifragus
693 4064 724 4113 et
750 4059 849 4123 falsus,
869 4059 1051 4116 Vicariatnm
1078 4064 1152 4118 citra
1179 4065 1336 4128 Coloniam,
1365 4036 1532 4131 afflffl‘ffi

338 4142 420 4214 Rege
446 4143 572 4215 Angliae‚
600 4150 635 4198 ut
659 4143 815 4208 ferebatur,
844 4145 941 4199 minus
967 4146 1096 4202 consulte
1127 4155 1302 4219 susceptum,
1330 4138 1511 4231 Perllffl⁰

338 4244 406 4281 suas
424 4226 536 4281 litteras
562 4228 717 4290 revocavit,
738 4233 775 4290 et,
796 4227 902 4298 spretis
921 4228 1079 4284 foederibus
1104 4230 1180 4302 Regi
1197 4231 1313 4302 Angliae
1338 4249 1382 4285 sa·
1394 4240 1449 4282 cent

338 4317 485 4366 eramento
503 4311 634 4375 firmatis,
655 4311 798 4366 amicitias
817 4314 962 4368 contraxit
979 4332 1045 4368 cum
1063 4314 1144 4384 Rege
1163 4315 1350 4369 Francorum.
1394 4289 1510 4383 ffissd'

375 4393 436 4449 Sub
461 4394 562 4449 eodem
586 4412 670 4459 anne,
696 4394 759 4448 Rex
779 4393 896 4466 Angliae
921 4398 1122 4452 transfretavit
1145 4397 1176 4451 in
1201 4398 1382 4452 Britanniam
1394 4407 1462 4458 ΑΙ),
1477 4414 1554 4460 1342,

339 4476 521 4533 Armoricam
547 4479 661 4543 iterato,
692 4484 809 4549 recepto
834 4479 916 4550 prius
950 4480 1086 4551 homagio
1115 4479 1151 4534 de
1181 4480 1305 4535 Domino
1332 4475 1504 4556 Jofflvfffd

339 4561 433 4616 banne
451 4563 486 4617 de
506 4561 606 4619 Monte
627 4562 709 4618 Porti
732 4580 786 4634 pro
811 4561 928 4618 Ducatu
953 4563 1124 4628 Britanniae,
1148 4565 1198 4634 qui
1219 4565 1276 4621 fuit
1294 4584 1382 4623 verus
1395 4557 1491 4662 ‘effla

376 4801 383 4832 ¹
395 4799 535 4853 marciale
546 4801 573 4852 in
584 4803 628 4854 the
644 4801 744 4867 printed
754 4810 821 4854 texts
832 4823 839 4863 3
880 4803 1048 4867 erroneously.

341 4881 465 4947 morale
498 4882 525 4932 in
570 4881 764 4949 Hemingbnrgh
792 4883 842 4932 and
913 4880 1057 4930 'Januorii
1067 4881 1095 4932 in
1103 4883 1146 4934 the
1154 4885 1254 4948 printed
1265 4893 1339 4938 texts.

342 4960 415 5012 Harl.
427 4967 484 5014 655.
913 4959 1074 5011 ‘ductantur
1086 4961 1113 5012 in
1125 4963 1168 5015 the
1179 4966 1277 5028 printed
1289 4974 1363 5018 texts.

374 5038 482 5090 'Nocet
510 5040 535 5090 iu
563 5041 606 5091 the
630 5039 729 5105 printed
757 5046 863 5099 texts3v
