3750 6250
486 1100 550 1199 244
817 1112 948 1162 moun
970 1111 1203 1163 warsmemu

318 1290 507 1345 AD.1341.“
527 1287 615 1341 chora
633 1286 694 1357 spei
712 1290 828 1340 nostrae.
865 1286 950 1342 Unde
968 1303 1020 1340 nos
1032 1285 1070 1340 ad
1087 1284 1272 1356 disciplinam
1283 1289 1314 1339 et
1325 1281 1539 1338 correctionem
1550 1285 1622 1338 Msl

489 1370 693 1441 “hujusmodi
718 1378 882 1425 nostrorum
911 1371 1077 1425 officialium
1107 1370 1214 1424 mentis
1239 1369 1331 1424 aciem
1361 1367 1537 1437 dirigentes,
1551 1358 1616 1469 {1⁵⁵2

490 1455 668 1526 “quosdam
693 1472 728 1509 ex
753 1456 795 1509 eis
822 1472 894 1525 quos
920 1472 955 1509 ex
982 1456 1078 1510 censis
1103 1453 1301 1526 probabilibus
1327 1452 1363 1506 de
1390 1450 1470 1506 mala
1486 1434 1622 1536 ssd-Nx

489 1542 509 1586 ἕ*
528 1539 749 1604 ministratione,
765 1540 890 1610 justitia
903 1539 1100 1602 subversione,
1118 1557 1151 1593 ae
1170 1538 1353 1593 subditorum
1370 1542 1622 1618 nostrorumpm

490 1628 509 1652 “
528 1625 722 1696 oppressione,
760 1631 944 1695 acceptorum
979 1641 1133 1678 munerum
1169 1623 1362 1693 corruptione,
1400 1638 1436 1675 ae
1472 1618 1539 1674 eliis

490 1713 509 1737 “
528 1710 645 1764 offensis
663 1709 810 1780 gravibus,
825 1717 975 1780 suspectos
990 1709 1155 1772 habuimus,
1172 1725 1189 1762 a
1208 1708 1269 1762 suis
1287 1706 1412 1760 fecimus
1424 1703 1537 1767 officiis,

491 1796 510 1820 “
529 1800 615 1864 prout
632 1794 715 1848 nobis
732 1793 826 1856 licuit,
846 1793 993 1856 amoveri;
1020 1792 1093 1847 alios
1112 1808 1227 1862 quoque
1246 1790 1393 1845 inferioris
1415 1787 1536 1859 vadus,

491 1878 510 1903 ‘⁶
529 1877 561 1930 iu
584 1877 744 1948 praemissis
769 1875 940 1948 culpabiles,
961 1876 1016 1931 sub
1038 1881 1103 1931 tuta
1127 1874 1260 1930 custodia
1285 1872 1420 1935 detineri,
1441 1870 1495 1926 ¹ne
1513 1870 1539 1925 si

491 1963 510 1988 “
529 1958 712 2015 'libertatem
731 1960 846 2015 solitam
864 1960 1037 2032 potirentur,
1058 1960 1293 2030 supplantaretur
1312 1973 1413 2011 eorum
1431 1954 1539 2011 astutia

490 2047 510 2072 “
526 2044 651 2114 justitiae
669 2044 809 2107 executio,
834 2048 865 2098 et
889 2042 1076 2098 deluderetur
1094 2042 1198 2097 callide
1223 2040 1376 2111 inquisitio
1393 2039 1537 2094 veritatis.

491 2131 510 2154 “
530 2126 671 2195 Quoniam
688 2125 774 2181 ⁸cum
792 2144 827 2181 ex
844 2126 915 2181 dicti
934 2126 1154 2197 Archiepiscopi
1173 2125 1262 2179 animi
1285 2124 1406 2179 latebris
1426 2140 1461 2178 eo
1479 2140 1538 2177 oer-

491 2214 510 2237 “
530 2214 588 2265 tius
607 2217 637 2265 et
654 2209 768 2281 plenius
787 2211 892 2264 elicere
917 2210 1111 2273 crederemus,
1132 2227 1189 2280 quo
1206 2208 1280 2263 nihil
1298 2226 1400 2263 eorum
1418 2225 1485 2279 quie
1503 2205 1539 2260 ad

491 2297 510 2322 “
529 2295 762 2349 informationem
773 2299 903 2349 nostram
920 2294 953 2348 in
970 2294 1025 2349 hac
1042 2300 1125 2365 parte
1137 2294 1267 2348 conterre
1283 2297 1428 2365 poterant,
1442 2292 1538 2363 ipsum

490 2377 729 2431 “verisimiliter
755 2377 846 2432 latere
872 2376 1020 2441 debuerat,
1048 2378 1096 2431 cui
1117 2378 1206 2432 tetius
1233 2376 1402 2448 reipublicae
1432 2381 1538 2430 nostrae

491 2459 808 2515 “administrationem
832 2465 862 2514 et
885 2477 1029 2514 summam
1053 2478 1152 2514 rerum
1182 2459 1376 2530 gerendarum
1403 2476 1422 2514 a
1446 2458 1537 2513 multo

492 2547 510 2570 “
529 2549 659 2615 tempore
680 2543 815 2597 duximus
833 2543 1079 2608 committendam,
1106 2545 1163 2599 sibi
1187 2562 1240 2615 per
1265 2543 1381 2598 fidelem
1406 2548 1536 2598 nostrum

491 2630 510 2654 “
529 2627 707 2682 Nicholaum
736 2626 773 2681 de
803 2626 968 2699 cantilupo,
1000 2628 1037 2682 ad
1069 2629 1124 2683 hoc
1154 2627 1319 2700 specialiter
1348 2626 1534 2690 destinatum,

491 2714 510 2737 “
529 2710 730 2766 mandavimus
749 2710 826 2782 quod
850 2712 888 2766 ad
911 2718 1041 2767 nostram
1065 2713 1259 2784 presentiam,
1287 2712 1358 2783 quia
1382 2712 1447 2783 ejus
1473 2727 1537 2783 per-

491 2797 510 2821 “
530 2795 622 2850 souali
649 2795 794 2866 colloquio
818 2795 895 2850 ⁴frui
919 2796 1097 2860 volebamus,
1124 2796 1287 2851 Londonias
1313 2796 1415 2851 venire
1445 2799 1536 2850 matu·

491 2881 511 2906 ‘¹
529 2880 592 2935 rius
610 2897 668 2935 non
684 2880 822 2935 tardaret.
871 2879 942 2952 Ipse
959 2898 1038 2943 vero,
1059 2898 1174 2952 semper
1191 2880 1321 2936 tumidus
1339 2880 1370 2934 in
1391 2878 1536 2951 prosperis

491 2966 511 2991 “
530 2970 561 3019 et
577 2963 698 3019 timidus
716 2965 747 3018 in
765 2964 906 3028 adversis,
926 2964 1074 3035 trepidans
1093 2966 1197 3020 timore
1215 2965 1265 3019 ubi
1283 2982 1341 3020 non
1358 2970 1423 3020 erat
1440 2964 1535 3027 timor,

491 3049 511 3074 “
530 3047 587 3102 sibi
612 3047 775 3119 periculum
802 3065 855 3118 per
873 3048 986 3118 aliquos
1011 3048 1094 3102 nobis
1120 3050 1288 3103 assistentes
1315 3049 1491 3104 intentatum
1508 3052 1537 3101 et

491 3134 510 3159 “
529 3133 745 3195 comminatum,
766 3131 791 3185 si
817 3132 853 3185 ab
879 3132 1003 3186 eeclesia
1028 3131 1230 3187 cantuariensi
1256 3132 1415 3198 recederet,
1443 3132 1536 3187 immi·

503 3219 510 3242 ‘
529 3233 598 3270 nere
616 3216 713 3270 minus
731 3216 875 3270 veraciter
893 3214 1042 3286 allegavit,
1066 3217 1216 3287 quiahoc,
1235 3222 1310 3272 teste
1329 3217 1442 3272 Decet
1465 3233 1537 3288 pura

491 3301 511 3326 “
530 3300 714 3363 conscientia,
728 3316 877 3370 nunquam
888 3299 920 3352 in
931 3305 1059 3354 mentem
1076 3307 1205 3355 nostram
1217 3301 1332 3365 cecidit,
1346 3318 1400 3356 nec
1412 3299 1535 3372 alicujus

491 3385 510 3409 “
529 3383 614 3437 nobis
632 3383 807 3446 assistentis,
822 3389 856 3437 ut
873 3382 1029 3447 credimus,
1049 3384 1151 3454 tetigit
1167 3383 1338 3455 cogitatum,
1352 3383 1534 3455 ‘quanquam

491 3467 510 3492 ‘⁸
530 3466 607 3519 clero
626 3473 656 3519 et
673 3466 779 3536 populo
797 3466 881 3534 regni
899 3466 990 3520 nostri
1009 3467 1201 3535 malignitatis
1221 3486 1280 3521 suae
1298 3468 1404 3522 merito
1423 3486 1455 3522 se
1472 3467 1535 3522 red·

492 3550 510 3574 “
531 3547 605 3602 didit
617 3550 757 3603 odiosum.
783 3549 845 3603 Nos
859 3555 956 3603 autem
970 3549 1019 3618 qui
1033 3557 1150 3603 cunctos
1163 3550 1199 3603 ad
1212 3557 1340 3604 nostram
1351 3550 1533 3621 praesentiam

491 3633 510 3657 “
530 3632 675 3696 accedere,
696 3631 858 3702 ⁰praecipue
876 3633 984 3686 nostris
1010 3633 1047 3686 ad
1074 3633 1127 3687 hoe
1146 3633 1252 3688 litteris
1271 3634 1318 3687 vel
1339 3636 1455 3690 nunciis
1473 3633 1535 3688 ⁷ad-

492 3717 510 3740 “
530 3722 654 3778 vocatae,
675 3716 760 3786 plena
772 3716 906 3770 volumus
926 3718 1081 3771 seciuitate
1101 3717 1237 3789 gaudere,
1256 3719 1293 3772 ad
1312 3720 1534 3774 convincendam

491 3800 510 3824 ‘⁴
530 3798 593 3867 ejus
612 3800 763 3863 malitiam,
784 3801 923 3855 dilectum
943 3808 972 3855 et
996 3802 1110 3855 fidelem
1128 3808 1259 3857 nostrum
1277 3802 1484 3875 sRadulphum
1501 3803 1534 3856 de

492 3885 510 3908 “
532 3883 684 3945 Stafforde,
717 3884 838 3954 hospitii
872 3886 964 3939 nostri
992 3885 1200 3950 Senescallum,
1229 3887 1266 3941 ad
1294 3888 1391 3958 ipsum
1413 3888 1534 3943 destina·

491 3968 509 3993 ‘⁶
529 3967 635 4030 vimus,
655 3973 689 4020 ut
709 3968 737 4020 ei
762 3985 897 4021 securum
916 3969 1090 4024 conductum
1109 3971 1225 4025 offerret
1243 3978 1272 4025 et
1292 3972 1419 4038 faceret3
1440 3973 1533 4042 regiae

491 4053 511 4076 “
531 4068 618 4121 super
643 4051 697 4104 hoc
726 4050 914 4107 nihilominus
936 4053 1049 4108 litteras
1079 4061 1219 4124 patentes,
1247 4056 1345 4126 sigillo
1370 4057 1454 4127 regio
1472 4074 1533 4111 con·

491 4138 510 4160 “
530 4135 669 4205 signatas,
702 4135 729 4187 ei
756 4134 877 4189 fecimus
910 4139 1088 4207 praesentari,
1116 4139 1219 4213 iterato
1247 4140 1426 4204 mandantes,
1461 4137 1533 4211 quod

490 4222 509 4246 “
529 4220 566 4273 ad
604 4238 656 4274 nos
686 4219 876 4289 personaliter
906 4223 1063 4286 accederet,
1108 4223 1271 4278 inchoatam
1310 4224 1532 4280 sollicitudinem

490 4307 509 4330 “
528 4309 657 4360 nostram
675 4304 883 4359 informaturus
910 4323 999 4377 snper
1017 4307 1100 4377 regni
1118 4309 1253 4378 negotiis,
1274 4326 1339 4378 quae
1357 4308 1446 4380 longo
1464 4315 1530 4364 tem·

523 4662 530 4691 ¹
544 4662 595 4711 For
606 4661 657 4711 this
668 4662 745 4721 word,
758 4660 826 4711 illeis
837 4660 988 4723 incorrectly
1067 4662 1076 4690 ³
1088 4661 1199 4712 Omitted
1210 4661 1237 4711 iu
1249 4664 1320 4715 Harl.
1334 4671 1390 4717 655.

488 4740 564 4804 given
571 4741 598 4789 in
611 4741 736 4792 themss,
748 4742 779 4790 of
787 4741 987 4805 HemIngburgh.
1066 4742 1074 4769 ⁴
1083 4743 1191 4806 perfrui,
1204 4743 1274 4792 llarl.
1288 4750 1344 4794 655.

489 4820 622 4867 Amended
664 4821 729 4869 from
763 4820 833 4869 Harl.
860 4825 917 4878 655,
946 4819 989 4867 the
1066 4822 1351 4884 ὁεεᾳιιαηᾳιιιιηι,ΗατΙ.
1365 4828 1422 4874 655.

489 4897 588 4961 printed
607 4904 673 4947 texts
693 4900 723 4948 of
740 4899 926 4964 Walsingham,
938 4900 989 4947 and
1067 4900 1200 4949 ‘Omitted
1211 4900 1238 4948 iu
1250 4901 1322 4950 Harl.
1336 4908 1393 4952 655.

489 4975 591 5038 Itymer.
1067 4980 1075 5005 ⁷
1087 4981 1230 5039 consecutis,
1242 4979 1311 5029 Harl.
1326 4986 1382 5030 655.

521 5051 679 5103 matascone
688 5053 767 5114 sclito,
780 5054 851 5104 Harl.
864 5059 920 5105 655.
1066 5058 1076 5085 ⁸
1088 5057 1200 5109 Omitted
1211 5057 1238 5105 in
1249 5057 1322 5109 Harl.
1335 5064 1392 5110 655,
