3750 6250
741 1107 904 1160 morosus
926 1106 1134 1159 ANGLIGANA.
1397 1097 1459 1159 431

282 1307 318 1362 ,3,
330 1304 397 1364 nm,
417 1295 495 1367 quod
514 1296 657 1350 “Bonum
667 1294 684 1317 ”
703 1294 808 1349 merito
835 1293 1007 1365 appellatur,
1034 1299 1165 1365 tempore
1192 1293 1310 1349 Domini
1328 1292 1463 1347 Edwardi
1476 1296 1545 1348 A.D.
1559 1302 1629 1348 1³80.

282 1392 314 1455 g.
328 1384 357 1427 la
417 1378 518 1450 Regis,
538 1380 631 1433 Tertii
642 1384 709 1449 post
721 1377 939 1448 conquestum,
954 1378 1072 1433 Thomae
1092 1378 1289 1448 Katringtone
1308 1378 1463 1447 armigero,

293 1458 330 1495 ¹¹*
417 1464 562 1533 quondam
580 1462 702 1518 Custodi
720 1461 834 1517 castelli
852 1462 888 1515 de
908 1461 1015 1517 Sancto
1034 1462 1195 1526 Salvatore‚
1210 1462 1288 1532 quod
1304 1460 1465 1517 recolendas

414 1549 563 1602 memoria
581 1546 724 1602 Dominus
743 1546 890 1600 Johannes
908 1546 1064 1602 Chaundos
1083 1552 1283 1602 construxerat
1299 1547 1331 1600 in
1349 1545 1464 1610 Galliis,

415 1631 493 1685 intra
510 1631 636 1686 insulam
654 1629 690 1684 de
709 1629 890 1694 Constantia,
916 1630 1097 1700 imposuerat
1112 1636 1211 1685 notam
1228 1630 1411 1701 proditionis,
1431 1648 1465 1683 eo

416 1713 493 1784 quod
518 1715 629 1769 dictum
657 1714 819 1778 castellum,
847 1719 881 1768 ut
906 1715 1042 1778 asseruit,
1069 1714 1241 1769 vendiderat
1267 1713 1389 1768 Gallicis
1412 1731 1465 1784 pro

415 1798 612 1853 inestimabili
649 1790 764 1852 summa
798 1797 939 1867 pecuniae,
977 1815 1045 1852 cum
1081 1816 1134 1853 nec
1165 1798 1295 1852 defensio
1325 1797 1382 1853 sibi
1411 1814 1465 1851 nec

415 1883 555 1939 victualia
584 1883 761 1939 defuissent:
800 1884 831 1937 in
861 1900 919 1954 qua
949 1900 1045 1947 causa,
1077 1901 1145 1938 cum
1181 1884 1283 1938 eodem
1318 1884 1464 1953 armigero

416 1986 564 2023 armorum
593 1968 659 2039 lege
689 1968 796 2023 obtulit
825 1986 857 2022 se
892 1974 1100 2039 pugnaturum.
1147 1967 1195 2023 Ad
1225 1986 1292 2022 eum
1327 1985 1462 2038 namque,

415 2052 526 2106 ratione
544 2053 642 2107 uxoris
661 2070 731 2116 sua,
745 2052 793 2107 eui
808 2051 967 2107 debebatur
984 2052 1149 2116 hareditas,
1168 2059 1308 2123 tanquam
1326 2051 1464 2123 proximas

416 2134 452 2189 de
470 2136 608 2192 affinitate
626 2136 697 2192 dicti
725 2136 866 2190 Johannis
893 2134 1058 2201 Ohaundos‚
1086 2135 1248 2191 dominium
1275 2135 1356 2191 illius
1374 2135 1463 2190 castri

415 2225 585 2291 spectasset,
611 2221 637 2275 si
655 2239 713 2275 non
730 2220 890 2291 proditiose
908 2220 1067 2275 alienatum
1084 2220 1190 2276 fuisset
1207 2220 1379 2275 commentis
1391 2221 1462 2275 dicti

416 2303 543 2357 Thomae.
588 2303 750 2359 Praediotus
775 2310 874 2358 autem
900 2303 1026 2359 Thomas
1053 2321 1106 2375 pro
1132 2305 1187 2359 hao
1208 2322 1296 2360 eausa
1313 2311 1416 2376 captus
1434 2311 1595 2384 etxatring.

415 2386 612 2443 incarceratus
637 2388 695 2443 fuit
711 2404 764 2459 pro
788 2393 875 2452 tunc;
904 2388 956 2442 sed
981 2389 1039 2444 cito
1056 2395 1131 2460 post,
1152 2390 1267 2460 quando
1285 2390 1361 2446 Daci
1378 2390 1464 2446 licuit
1476 2390 1519 2462 ῐοξὶ
1531 2386 1554 2434 ῖθ
1565 2386 1612 2436 im·

416 2470 557 2540 quicquid
585 2471 681 2536 libuit,
713 2472 783 2526 dum
813 2471 875 2527 Rex
905 2478 989 2543 pater
1019 2473 1083 2544 ejus
1119 2474 1150 2527 in
1179 2475 1316 2530 extremis
1346 2475 1460 2545 agebat,
1474 2453 1600 2514 pnwned·

415 2553 592 2610 deliberatus
611 2562 664 2619 est,
684 2556 859 2619 interventu,
879 2562 913 2611 ut
938 2556 1055 2623 dieitur,
1076 2556 1194 2612 Domini
1212 2557 1248 2611 de
1261 2558 1399 2623 Latimer‚
1414 2560 1462 2614 cui
1474 2567 1526 2618 But
1537 2567 1612 2618 aster-

414 2637 493 2692 idem
510 2639 639 2709 armiger
663 2640 695 2693 in
721 2657 792 2710 pace
817 2645 848 2694 et
871 2640 903 2693 in
927 2639 1014 2704 bello,
1034 2642 1065 2694 in
1079 2641 1169 2711 justis
1188 2647 1219 2696 et
1235 2642 1266 2695 in
1284 2642 1411 2713 injustis,
1432 2644 1462 2697 in
1475 2635 1629 2686 Wffllibe·

413 2721 491 2776 veris
510 2728 540 2777 et
556 2723 587 2776 in
604 2722 697 2786 falsis,
717 2741 770 2793 per
786 2729 852 2778 anto
879 2723 1066 2778 militaverat.
1111 2724 1175 2779 Neo
1199 2727 1296 2795 potuit
1314 2726 1461 2783 Johannes
1473 2703 1550 2754 ΓΜ

411 2802 556 2860 Anneslae
586 2808 632 2861 sui
660 2806 795 2862 clamoris
826 2807 961 2861 effectum
991 2825 1044 2879 per
1073 2813 1167 2862 totum
1193 2816 1309 2881 tempus
1337 2829 1461 2881 sequens

411 2890 551 2960 consequi
578 2907 671 2960 usque
697 2891 793 2955 modo,
826 2890 1002 2960 quibusdam
1038 2893 1235 2947 asserentibus
1266 2901 1366 2949 contra
1391 2896 1461 2966 jura

411 2974 496 3042 regni
514 2974 575 3027 fore
594 2973 722 3043 aliquem
741 2974 776 3028 de
795 2974 860 3045 ipso
882 2992 975 3044 regno
999 2992 1052 3046 pro
1077 2974 1139 3029 ulla
1162 2993 1251 3030 causa
1267 2976 1321 3031 tali
1340 2977 1405 3047 lege
1429 2979 1461 3031 in

412 3073 504 3128 regna
532 3074 673 3129 pugnare.
718 3057 880 3113 Obstabant
909 3075 998 3129 quam
1026 3060 1160 3123 maxime,
1192 3060 1244 3131 qui
1274 3060 1364 3114 simili
1392 3067 1461 3116 nota

413 3140 534 3211 percelli
558 3142 717 3208 timebant;
750 3143 801 3197 sed
819 3142 937 3197 tandem
954 3144 1063 3198 coactis
1081 3143 1089 3174 ¹
1094 3143 1231 3215 juridicis
1250 3151 1280 3199 et
1297 3146 1459 3200 senioribus

412 3225 556 3280 militibus
579 3227 718 3297 regionis,
744 3227 899 3281 diffinitum
926 3233 973 3282 est
990 3245 1043 3299 pro
1071 3245 1159 3283 causa
1182 3230 1352 3294 extrinseca,
1373 3230 1460 3285 sicuti
1473 3234 1529 3285 The
1539 3241 1629 3286 matter

412 3325 465 3379 pro
488 3311 741 3381 praesentiorem,
769 3329 835 3382 quae
858 3329 917 3366 non
940 3312 1017 3366 infra
1038 3313 1124 3383 regni
1148 3312 1257 3367 limites
1276 3318 1340 3368 orta
1357 3320 1410 3377 est,
1431 3331 1447 3368 e
1472 3304 1601 3365 amedu>

412 3409 465 3463 pro
480 3395 662 3464 possessione
680 3411 779 3448 rerum
797 3396 1067 3460 transmarinarum,
1087 3396 1160 3450 bene
1178 3396 1266 3450 licere
1285 3414 1461 3468 quemquam
1473 3369 1504 3482 ξε
1515 3369 1620 3485 {milded

412 3476 510 3530 duello
535 3478 700 3548 confligere,
727 3479 753 3533 si
784 3477 1007 3534 Oonstabulario
1033 3486 1064 3535 et
1092 3480 1265 3535 Marescallo
1293 3481 1379 3551 regni
1408 3500 1461 3553 per
1538 3451 1585 3486 ω’

411 3563 477 3614 ante
504 3577 592 3615 causa
609 3561 715 3617 fuisset
734 3562 890 3627 notificata,
911 3569 942 3617 et
965 3564 996 3616 in
1022 3581 1122 3618 eorum
1148 3565 1304 3635 prasentia
1330 3565 1460 3620 duellum

411 3643 578 3712 apartibus
597 3651 787 3715 acceptatum.

448 3726 595 3782 Statuitur
613 3745 685 3798 ergo
703 3728 767 3783 dies
786 3728 865 3793 belli,
886 3736 917 3784 et
934 3728 1052 3784 interim
1070 3740 1271 3802 praeparantur
1289 3732 1387 3788 duello
1412 3752 1461 3789 ne·
1472 3743 1593 3807 Prepara·

412 3811 540 3865 cessaria
568 3811 600 3865 in
625 3809 716 3866 Ouria
742 3813 820 3884 apud
845 3814 1150 3880 westmonasterium,
1177 3816 1286 3872 limites
1311 3818 1459 3882 videlicet,
1473 3811 1579 3890 ῑῖῡΰῦθέ

413 3911 485 3965 quas
514 3898 534 3922 “
547 3895 632 3950 listas
641 3894 658 3918 '⁹
686 3903 800 3961 vocant,
827 3897 864 3951 de
888 3898 978 3969 lignis
1005 3898 1166 3953 fortissime
1193 3901 1369 3967 fabrefactae,
1397 3909 1459 3957 tan·
1473 3878 1610 3993 menrph

413 3995 501 4049 quam
518 3986 661 4051 perpetuo
676 3981 834 4035 duratura.
871 3980 1054 4038 Adveniente
1072 3982 1120 4037 die
1138 3985 1264 4055 praefixo
1285 3987 1461 4041 conveniunt
1473 3953 1572 4061 2551,oe
1611 3960 1626 3993 θ

411 4061 448 4116 de
466 4064 579 4118 cunctis
598 4064 684 4133 regni
702 4065 835 4135 partibus
853 4065 891 4119 ad
907 4063 1075 4121 ²insuetum
1099 4066 1169 4121 belli
1195 4070 1403 4138 spectaculum,
1429 4071 1460 4124 in

410 4150 493 4200 tanta
511 4147 629 4216 quidem
649 4148 742 4218 copia,
765 4154 800 4203 ut
818 4166 958 4204 numerus
976 4149 1134 4207 londoniis
1159 4153 1364 4208 confluentium
1385 4153 1459 4208 mul·

411 4229 568 4284 titudinem
585 4247 687 4286 eorum
700 4232 751 4302 qui
769 4232 807 4287 ad
825 4232 917 4303 Regis
930 4232 1154 4290 coronationem
1171 4237 1273 4306 paucis
1291 4237 1374 4302 annis
1393 4243 1459 4293 ante

409 4310 645 4380 'concurrerant
658 4315 816 4380 excessivo,
829 4316 990 4371 multorum
1000 4318 1176 4382 testimonio,
1191 4326 1351 4389 superaret.
1390 4320 1459 4390 Ipso

411 4414 481 4452 vero
506 4398 564 4464 die,
586 4417 700 4455 summo
726 4417 820 4464 mane,
848 4401 930 4471 Rege
951 4420 1018 4456 cum
1042 4403 1211 4473 proceribus
1230 4409 1260 4458 et
1277 4404 1363 4474 regni
1382 4422 1458 4459 com-

410 4481 553 4538 munitate
565 4483 661 4538 looum
674 4484 826 4554 ingressis,
840 4492 928 4555 prout
945 4485 1035 4540 moris
1049 4491 1102 4549 est,
1118 4486 1203 4540 miles
1215 4486 1306 4542 intrat
1318 4499 1457 4552 armatus,

411 4565 542 4622 insidens
570 4568 749 4623 demarium
774 4568 980 4622 decentissime
1012 4568 1204 4639 phaleratum.
1255 4570 1333 4626 Nam
1359 4572 1458 4643 appel·

448 4858 578 4911 'aridae
588 4859 616 4908 in
627 4856 670 4910 the
681 4858 781 4924 printed
792 4868 867 4912 texts.
961 4870 1035 4914 exa.

447 4941 563 4988 ’insuta
582 4939 610 4987 in
628 4938 691 5004 orig.
710 4939 835 4990 andBibl.
848 4941 910 5007 Reg.
994 4942 1182 5007 'captumst
1213 4947 1240 4999 in
1273 4947 1317 5003 the
1357 4953 1458 5017 printed

416 5026 446 5070 13
462 5019 493 5070 Ε.
511 5019 564 5078 ix.;
580 5019 697 5068 insuam
710 5018 738 5068 iu
755 5019 797 5070 the
813 5020 911 5084 printed
962 5029 1036 5075 texts.
