3750 6250
659 1102 822 1155 mareau
837 1102 1045 1154 nuemosuu.
1313 1091 1377 1154 205

296 1335 302 1347 .
335 1296 354 1322 ‘⁶
376 1294 471 1350 ‘nulli
494 1300 646 1367 parcentes
664 1296 744 1351 oneri
768 1296 816 1352 rel
839 1297 951 1360 honori,
971 1303 1006 1351 ut
1026 1299 1127 1351 eontra
1144 1313 1197 1351 nos
1215 1297 1381 1368 persecutio
1392 1300 1462 1353 AD.
1473 1304 1547 1354 13³9.

335 1380 355 1404 “
376 1380 451 1434 ‘sua
471 1379 637 1451 injuriaquo
665 1382 838 1450 quiesceret,
865 1385 1056 1450 nostrumque
1074 1398 1141 1435 eum
1165 1398 1200 1435 ao
1226 1381 1379 1452 pacificum

291 1469 297 1481 '
335 1464 355 1490 ‘⁶
377 1465 513 1536 ‘tempus
540 1471 635 1530 esset3
661 1464 751 1519 donee
768 1465 965 1535 propinquum
982 1465 1066 1520 nobis
1084 1465 1212 1520 vidimus
1237 1465 1379 1536 gladium,

335 1551 354 1575 ‘⁸
376 1551 505 1604 ‘nostrae
521 1567 555 1603 ac
575 1554 741 1604 nostrorum
760 1549 827 1604 neci
847 1556 877 1604 et
888 1549 1060 1604 exterminio
1079 1555 1283 1622 praeparatum.
1323 1550 1382 1605 Sed

333 1634 353 1659 “
375 1632 528 1704 ‘nunquid
544 1632 651 1702 aliquis
664 1639 718 1698 cat,
739 1633 790 1703 qui
808 1632 909 1688 eredat
920 1634 999 1704 quod
1016 1633 1131 1689 animus
1149 1634 1232 1689 nobis
1245 1635 1380 1705 cognitus

333 1719 352 1743 “
374 1717 535 1788 ‘principis
571 1722 659 1772 tantm
693 1717 839 1788 potentiae,
869 1716 915 1773 ¹et
947 1717 998 1782 sic,
1036 1721 1071 1773 ut
1102 1718 1300 1789 praemittitur,
1336 1736 1381 1774 oe·

333 1802 353 1827 ‘⁸
374 1803 507 1873 ‘eupatae
530 1801 624 1866 nobis,
647 1802 738 1857 fuerit
762 1801 966 1873 negligendus,
994 1802 1045 1872 qui
1071 1820 1131 1857 suae
1149 1802 1262 1858 viribus
1280 1802 1381 1857 volun-

333 1887 352 1911 “
375 1886 464 1941 ‘tatis
483 1892 622 1950 arrnetus,
641 1887 771 1958 potentia
797 1885 927 1957 undique
944 1892 1047 1941 vocata
1064 1886 1199 1951 vallatus,
1227 1887 1321 1942 solum
1348 1895 1382 1941 ut

333 1971 353 1996 “
375 1971 494 2040 ‘possit
522 1970 645 2025 liberius
675 1988 729 2041 pro
759 1988 813 2025 sua
836 1970 986 2025 voluntate
1012 1987 1066 2025 nos
1087 1971 1233 2042 persequi,
1251 1970 1380 2041 juratam

333 2055 353 2079 “
375 2052 505 2109 ‘deserit
522 2071 640 2108 eausam
664 2053 799 2109 Christi?
835 2053 912 2123 Quid
937 2072 1010 2125 ergo
1035 2072 1089 2125 pro
1116 2073 1169 2109 suo
1182 2055 1252 2126 jure
1270 2072 1381 2125 suoque

333 2139 353 2164 “
375 2139 551 2194 ‘securitate
569 2157 626 2193 non
650 2138 736 2193 licuit
754 2138 828 2209 regi,
858 2139 905 2193 sui
930 2147 1024 2194 status
1050 2138 1153 2209 suique
1179 2138 1280 2211 populi
1305 2140 1382 2210 peri·

333 2224 353 2248 “
374 2223 495 2277 ‘culum
527 2223 589 2292 jam
614 2222 734 2286 ridenti,
760 2222 838 2277 dicat
862 2223 913 2293 qui
937 2221 1073 2278 noverit?
1103 2221 1180 2291 Quid
1208 2240 1267 2277 nou
1295 2222 1383 2277 liceat

334 2307 353 2332 ‘⁸
375 2306 505 2360 ‘homini
530 2307 566 2361 de
590 2307 717 2361 vitandis
741 2307 857 2377 injuriis
881 2306 1054 2377 damnisque
1079 2306 1227 2371 ²certanti,
1262 2307 1293 2361 in
1321 2307 1381 2361 illis

334 2392 354 2417 “
375 2392 559 2461 ‘prasertim
579 2409 644 2462 quae
661 2391 698 2445 ad
722 2392 790 2445 ritui
816 2398 968 2462 statusque
985 2391 1100 2446 radicas
1119 2392 1245 2446 securim
1274 2409 1381 2463 ponere

333 2476 354 2501 ‘⁶
376 2474 582 2546 ‘probabanti'
624 2476 711 2530 Levis
736 2493 772 2529 ne
796 2476 884 2530 timor
907 2475 967 2530 dici
991 2476 1100 2546 poterit
1125 2482 1177 2530 aut
1199 2493 1301 2539 vanus,
1331 2476 1381 2547 qui

334 2561 354 2585 “
376 2562 450 2630 ‘pro
469 2560 552 2615 nobis
570 2559 614 2614 ⁸si
638 2560 734 2630 potuit
756 2560 994 2631 ⁴c0njunetorum
1017 2560 1101 2615 nobis
1132 2559 1293 2615 illustrium
1325 2561 1382 2615 sor·

334 2645 354 2670 “
376 2643 530 2715 ‘tiumqua
554 2645 716 2699 constantia
738 2643 826 2699 corda
845 2651 1009 2709 concutere,
1035 2645 1128 2700 multo
1153 2645 1258 2699 fortius
1282 2643 1383 2700 debuit

333 2729 354 2754 ‘¹
375 2728 485 2783 ‘etiam
508 2746 561 2783 nos
585 2735 705 2792 terrere,
732 2747 804 2799 quos
824 2730 900 2784 solos
924 2729 1122 2800 periculorum
1140 2736 1280 2802 concepta
1299 2729 1381 2784 moli·

333 2813 354 2838 “
376 2812 476 2866 ‘mina
511 2811 744 2868 concernebantP
780 2812 904 2884 Propter
940 2814 994 2868 hoc
1030 2814 1132 2884 igitur,
1167 2814 1235 2886 jure
1270 2825 1382 2868 natura]

333 2897 353 2923 “
375 2895 533 2958 ‘dictante
575 2896 644 2951 faeti
695 2903 755 2951 tam
797 2898 889 2953 nostri
928 2915 1016 2967 quam
1052 2904 1217 2953 nostrorum
1257 2898 1380 2969 jurium,

333 2985 354 3010 “
376 2986 454 3038 ‘non
483 2984 639 3039 voluntarii
668 2985 720 3040 scd
749 2985 906 3041 necessarii
939 2984 1115 3048 defensores,
1147 3003 1181 3039 ae
1212 2985 1381 3057 opportunis

334 3069 354 3094 “
376 3068 580 3123 ‘cautionibus
608 3069 798 3133 attendentes,
839 3069 924 3141 juxta
960 3069 1004 3122 rei
1040 3067 1177 3122 milita-ris
1211 3069 1383 3123 documenta

334 3155 354 3179 “
376 3152 518 3223 ‘probata
553 3154 712 3208 illustrium
746 3155 942 3225 antiquorum,
981 3155 1057 3224 qued
1094 3153 1231 3223 potentiae
1267 3171 1381 3224 magum

334 3238 354 3262 “
376 3236 529 3307 ‘pericula
558 3238 722 3308 conspirata
757 3238 950 3309 periculosius
981 3243 1177 3308 expectantur,
1209 3237 1241 3291 in
1270 3237 1381 3291 laribus

334 3322 353 3347 “
375 3321 457 3376 ‘illis
482 3340 574 3393 nuper
603 3323 789 3378 currentibus
813 3323 850 3377 ad
882 3329 989 3378 nostroe
1013 3321 1087 3377 lucis
1113 3329 1142 3377 et
1169 3321 1273 3376 salutis
1303 3338 1382 3376 oceu-

334 3406 354 3430 “
376 3407 463 3459 ‘sum
482 3405 644 3461 consultius
662 3407 797 3461 venimus
816 3407 846 3461 in
865 3424 1038 3472 occursum;
1060 3424 1097 3461 ne
1109 3412 1211 3461 contra
1234 3422 1286 3460 nos
1307 3405 1382 3460 forto

334 3490 354 3514 “
376 3488 600 3544 ‘discriminoso
636 3489 835 3560 procederent,
868 3492 919 3546 sed
956 3491 1002 3546 sui
1038 3497 1119 3545 ortus
1155 3490 1383 3561 prrefoearentm

334 3574 355 3599 “
377 3574 384 3598 ⁸
404 3572 493 3637 ⁵loce,
523 3591 624 3627 eorum
649 3574 716 3628 freti
741 3575 863 3629 consilio
888 3581 917 3629 et
942 3573 1049 3629 auxilio
1073 3573 1156 3628 nobis
1181 3573 1286 3637 oblato,
1302 3590 1383 3644 ,quos

335 3659 355 3683 ‘¹
377 3655 482 3711 ‘nobis
512 3658 749 3728 consurguinitas
777 3666 807 3713 et
832 3658 955 3713 affinitas
983 3658 1187 3729 conjungebat,
1208 3658 1292 3713 etad
1311 3673 1383 3728 quos

335 3743 355 3768 ‘⁴
376 3740 486 3795 ‘simul
512 3742 681 3811 spectabant
704 3742 856 3796 nobiscum
881 3741 1021 3813 periculis
1045 3749 1153 3796 nostrai
1176 3741 1383 3797 destructionis

335 3830 355 3853 “
377 3829 560 3892 ‘occurrere,
581 3827 690 3897 illoque
710 3827 840 3881 consiliis
859 3833 889 3882 et
907 3826 1023 3881 auxiliis
1041 3843 1225 3896 proecavera;
1245 3832 1384 3897 ponentes

335 3913 355 3937 ‘⁸
377 3911 429 3964 ‘in
448 3929 535 3965 manu
560 3910 626 3975 Dei,
649 3930 738 3981 quam
756 3911 786 3965 iu
805 3911 939 3965 manibus
957 3910 1135 3981 Apostolicae
1161 3909 1245 3966 Sedis
1266 3916 1381 3973 vestrm,

335 3997 356 4022 “
377 3996 444 4049 ‘rel
467 3996 591 4049 aliorum
612 3995 754 4049 bonorum
774 3995 904 4049 virorum
929 3994 1136 4058 communium,
1162 4012 1270 4066 ponere
1294 4012 1383 4064 quon-

336 4080 356 4105 “
378 4079 468 4132 ‘dom
494 4080 650 4143 voluimus,
676 4079 875 4149 justificatum,
909 4085 1050 4149 quantum
1079 4079 1238 4150 potuimus,
1267 4096 1383 4133 causam

335 4165 355 4190 “
377 4166 537 4227 ‘nostram
557 4171 591 4218 ut
609 4164 687 4234 lpse,
707 4170 820 4218 rectum
847 4182 882 4218 cx
909 4164 969 4218 alto
994 4164 1184 4235 prospiciens,
1211 4162 1384 4217 senteutiam

336 4248 355 4272 “
378 4249 384 4272 ¹
395 4247 507 4317 justum
535 4248 618 4312 ferat,
648 4256 678 4302 et
702 4248 733 4300 iu
764 4248 809 4301 sui
837 4246 930 4318 gladii
954 4247 1068 4302 viribus
1095 4253 1264 4317 exequatur.
1308 4244 1382 4307 Nec,

336 4331 356 4355 “
378 4330 555 4395 ‘oredimus,
575 4331 651 4386 almo
664 4337 755 4402 pater,
770 4330 848 4401 quod
865 4330 975 4386 arbiter
994 4331 1091 4402 quivis
1108 4336 1216 4394 rectus,
1229 4328 1276 4383 vol
1295 4327 1384 4383 etiam

336 4414 356 4439 “
378 4416 385 4439 ‘
396 4413 487 4482 judex
500 4415 609 4486 justus,
624 4416 666 4469 sic
683 4417 890 4485 interpretetur
906 4420 958 4469 aut
971 4419 1106 4484 torqueat
1117 4420 1249 4467 nostrum
1263 4411 1382 4474 iactum,

337 4497 357 4521 “
379 4498 434 4552 ‘ut
454 4498 533 4568 quod
557 4516 609 4569 pro
630 4505 795 4553 nostrorum
820 4499 943 4553 tuitione
962 4506 992 4553 et
1009 4495 1189 4552 assecutione
1210 4494 1333 4566 jurium,
1353 4495 1384 4548 in

338 4582 358 4606 “
379 4584 480 4636 ‘tauto
512 4583 681 4637 discrimina
707 4589 836 4639 nostram
862 4583 985 4637 fecimus
1010 4580 1047 4635 ad
1072 4579 1229 4643 defensam,
1251 4578 1382 4643 alteriue,

374 4872 381 4901 ¹
393 4873 438 4920 eui
450 4879 484 4930 ul,
496 4871 568 4921 llarl.
582 4877 638 4922 655.
918 4870 1131 4929 ‘commentorum
1141 4866 1215 4918 Harl.
1228 4872 1284 4918 655.

371 4952 507 5011 ²certulr'uq
520 4950 591 5000 llarl.
605 4957 660 5001 655.
916 4945 994 5003 ⁵lo‹·o,
1007 4946 1077 4997 llarl.
1090 4951 1145 4995 655.

372 5032 426 5091 ἐρ,
438 5031 510 5081 llarl.
524 5036 580 5082 655.
