3750 6250
716 1087 1108 1141 ursronrssscmcms
1372 1077 1435 1141 169

302 1274 378 1334 love,
391 1271 523 1336 militari,
551 1271 661 1328 denaus
689 1273 716 1327 ci
744 1272 921 1329 comitatum
946 1274 981 1328 dc
1010 1273 1158 1338 Karleolo,
1186 1273 1270 1345 cujus
1295 1292 1348 1344 per
1374 1279 1440 1328 ante
1451 1285 1521 1341 Μ),
1535 1297 1607 1345 1³2³.

312 1406 318 1418 ,
390 1355 520 1411 civitatis
538 1363 568 1410 ct
585 1356 673 1411 castri
691 1357 743 1412 diu
767 1357 863 1413 fuerat
875 1357 1125 1422 Oenstabularius,
1146 1357 1208 1412 sire
1228 1359 1344 1413 Custos.
1382 1356 1438 1426 Qui
1453 1377 1503 1426 115⁸
1518 1379 1607 1431 hm

300 1421 355 1524 ¹¹3·
391 1457 458 1493 mox
476 1440 583 1494 honore
602 1441 676 1495 tanti
700 1441 826 1495 nominis
852 1441 992 1506 clevatus,
1019 1442 1176 1512 Hugonem
1203 1441 1440 1514 Dispensatorem
1455 1445 1485 1493 of
1500 1445 1578 1511 Hugh

391 1523 481 1594 coepit
506 1524 653 1595 persequi,
672 1531 790 1596 propter
813 1542 964 1580 rancorem
992 1542 1078 1596 quem
1104 1542 1157 1598 per
1182 1515 1302 1596 lengum
1325 1511 1608 1597 tempus‘lffieeuoer.

390 1612 563 1678 conceperat
580 1614 681 1663 centra
699 1626 775 1664 eum.
814 1608 873 1664 Sed
890 1626 958 1663 cum
975 1609 1089 1664 rideret
1106 1609 1218 1664 dictum
1235 1609 1393 1680 Hugoncm
1404 1608 1441 1663 de

390 1689 438 1745 die
457 1691 487 1746 in
505 1692 583 1746 diem
601 1692 741 1763 proficere
759 1698 790 1747 et
807 1693 937 1757 exaltari,
957 1692 1077 1763 insuper
1095 1698 1126 1748 et
1141 1710 1194 1764 per
1212 1693 1325 1763 Regem
1342 1711 1442 1748 manu·

390 1775 493 1840 teneri,
525 1781 626 1831 contra
655 1793 723 1830 cum
759 1776 928 1847 indignatus
965 1794 1053 1847 quam
1082 1777 1217 1841 maxime,
1249 1777 1326 1848 quod
1358 1776 1443 1849 juxta

391 1860 533 1916 malitiam
556 1862 652 1916 cerdis
677 1862 723 1916 sui
747 1862 890 1916 vindicari
919 1878 977 1916 non
1000 1868 1123 1934 poterat,
1149 1868 1250 1918 contra
1272 1862 1442 1919 fidelitatem
1453 1867 1515 1918 And
1525 1868 1581 1919 alli-

394 1962 482 2013 quam
499 1944 617 2001 domino
635 1964 688 2001 suo
706 1945 784 2016 Regi
807 1946 969 2017 juraverat,
994 1945 1094 2018 junxit
1119 1963 1151 2001 se
1179 1945 1285 2010 Sectis,
1314 1946 1441 2001 inimicis
1454 1936 1591 1986 mevi&

392 2027 484 2098 Regis
501 2028 637 2101 publicis,
669 2035 699 2084 et
724 2047 825 2084 eorum
852 2029 982 2086 consiliis
1008 2047 1040 2084 se
1064 2030 1225 2096 immersit3
1253 2030 1304 2100 qui
1321 2048 1388 2084 mox
1405 2029 1442 2084 ab
1453 2000 1589 2054 ‘besem

393 2111 452 2167 illis
475 2112 624 2168 hilaritate
642 2118 723 2169 tanta
741 2119 894 2184 susceptus
912 2119 967 2178 est,
987 2112 1065 2169 acsi
1083 2114 1202 2169 eoeleste
1219 2131 1341 2179 munus;
1373 2113 1443 2184 quia

393 2197 491 2252 nullus
522 2215 651 2268 unquam
679 2198 774 2252 suerat
801 2197 860 2252 illis
888 2197 1022 2253 infestior
1051 2203 1103 2252 aut
1128 2198 1222 2252 acrior
1251 2206 1441 2269 expugnator.

392 2280 506 2351 Nempe
525 2281 556 2335 in
574 2298 732 2351 regnorum
759 2282 882 2337 confinio
907 2299 1023 2353 semper
1046 2281 1190 2346 habitans,
1216 2282 1442 2337 ¹dam11ainnu·

394 2365 547 2420 merabilia
573 2365 633 2420 illis
660 2365 809 2430 intulerat,
835 2365 920 2420 mode
944 2366 1058 2436 praedas
1088 2384 1188 2437 agens,
1218 2366 1304 2421 modo
1334 2366 1442 2421 faciens

393 2449 596 2518 equitationes,
628 2449 713 2504 modo
748 2449 878 2520 captivos
915 2467 1015 2504 secum
1044 2451 1172 2516 trahens,
1203 2449 1289 2504 modo
1317 2449 1442 2504 flammis

392 2532 477 2587 villas
495 2533 663 2604 praediaque
681 2533 843 2588 devastans.
882 2532 1015 2605 Cumque
1040 2552 1093 2606 per
1117 2534 1180 2589 dies
1204 2533 1315 2604 aliquot
1331 2549 1442 2588 moram

391 2617 509 2672 fecisset
533 2616 610 2672 inter
636 2633 695 2681 ees,
725 2624 755 2672 et
780 2617 835 2688 ipsi
858 2616 921 2687 jam
949 2618 1043 2672 securi
1071 2618 1141 2672 sacti
1166 2619 1290 2673 fuissent
1315 2616 1352 2671 de
1377 2616 1441 2687 ejus

389 2701 514 2756 nefanda
548 2701 671 2771 perfidia
700 2708 801 2755 contra
830 2700 943 2770 Regem
973 2701 1100 2772 Angliae,
1131 2702 1334 2771 cogitaverunt
1362 2718 1439 2766 cum,

390 2791 529 2856 (quantum
541 2790 684 2856 poterant,
698 2785 849 2848 honorare,
870 2785 901 2838 in
918 2791 1032 2839 tantum
1044 2790 1078 2839 ut
1090 2802 1218 2839 sororem
1231 2785 1322 2855 Regis
1336 2785 1440 2840 Scotiar

388 2869 497 2923 vellent
527 2869 582 2923 sibi
613 2869 750 2939 conjugio
779 2868 924 2938 copulare.
975 2868 1038 2922 Rex
1068 2869 1185 2923 interim
1215 2869 1342 2940 Anglim,
1373 2887 1441 2939 cog·

388 2970 509 3007 noscens
529 2970 582 3024 per
605 2952 746 3006 relatores
768 2951 840 3022 quid
860 2951 994 3006 Andreas
1013 2952 1132 3016 fecerat,
1153 2952 1247 3007 doluit
1265 2952 1344 3023 quod
1360 2957 1442 3006 tanta

389 3035 528 3091 beneficia
554 3036 717 3090 contulerat
741 3042 801 3090 tam
829 3035 956 3105 ingrato.
1001 3035 1075 3090 Erat
1099 3040 1168 3090 tune
1186 3035 1366 3107 inpartibus
1385 3035 1441 3088 Bo-

387 3120 514 3175 reelibus
544 3120 629 3175 miles
660 3120 789 3175 famosus
826 3126 857 3174 ct
889 3125 1036 3182 strenuus,
1074 3127 1196 3175 vocatus
1236 3118 1440 3181 “Antonius'’

388 3211 579 3273 cognomento
605 3204 670 3258 “de
694 3203 807 3275 Lucy,’'
833 3203 883 3273 qui
908 3210 938 3258 ct
963 3203 1054 3274 Regis
1078 3204 1207 3258 favorem
1232 3203 1368 3274 cupiebat
1391 3203 1440 3258 ad-

387 3289 513 3357 quirere,
545 3294 575 3343 ct
610 3287 736 3358 patriam
772 3288 809 3341 dc
846 3294 907 3341 tam
943 3286 1068 3342 nefando
1112 3287 1262 3359 proditore
1307 3287 1440 3358 protinus

386 3389 519 3427 vacuare.
565 3372 624 3426 Hic
651 3389 705 3442 per
729 3372 924 3442 exploratores
952 3370 1081 3435 edoctus,
1109 3371 1187 3442 quod
1214 3370 1346 3425 Andreas
1364 3370 1442 3441 apud

388 3455 558 3510 Karleolum
589 3455 660 3510 satis
697 3472 807 3517 secure,
839 3454 913 3508 nihil
950 3454 1019 3509 mali
1057 3455 1231 3527 suspicatus,
1263 3455 1439 3519 morabatur,
1454 3459 1596 3526 Ilclscap·

387 3546 504 3609 repente
535 3558 601 3593 cum
632 3557 720 3593 manu
750 3539 848 3592 valida
876 3539 965 3593 irruit
996 3557 1085 3610 super
1114 3556 1191 3593 eum,
1241 3537 1333 3606 Quem
1360 3528 1572 3593 illicomffflbl'

387 3629 506 3694 captum
524 3623 607 3677 misit
624 3623 661 3676 ad
680 3622 793 3692 Regem
811 3622 970 3677 Londeniis
997 3629 1172 3686 catenatum,
1191 3622 1243 3676 ubi
1262 3622 1440 3692 quadrifario
1453 3593 1560 3710 &⁰¹¹5
1576 3597 1608 3648 de

383 3708 496 3778 judicio
521 3708 729 3763 condemnatus
754 3714 807 3764 est.
850 3708 965 3779 Nempe
989 3709 1085 3779 primo
1109 3708 1286 3777 degradatus
1305 3713 1359 3773 est,
1380 3726 1440 3763 am·
1509 3677 1535 3725 γ’

386 3793 496 3863 putatis
522 3794 618 3847 securi
644 3793 681 3847 ad
707 3793 781 3847 talos
808 3811 876 3847 suos
902 3792 1075 3856 calcaribus,
1103 3799 1133 3846 et
1154 3793 1197 3847 sic
1222 3794 1355 3848 vicissim
1380 3791 1440 3847 dis-

387 3878 499 3931 cinctus
529 3884 575 3931 est
604 3876 701 3931 balteo
731 3875 863 3939 milit-uri,
895 3875 1001 3930 ablatis
1037 3875 1144 3931 calceis
1175 3882 1206 3930 ct
1234 3874 1438 3932 ²chirothecis.

388 3960 498 4015 Deinde
520 3968 640 4024 tractus,
662 3977 830 4030 suspensus,
852 3964 882 4013 et
899 3959 930 4012 in
949 3965 1068 4029 quartas
1087 3960 1200 4015 divisus
1219 3966 1280 4025 cst3
1300 3966 1331 4016 et
1341 3968 1439 4033 partes
1452 3971 1514 4021 And
1526 3990 1585 4025 exe.

387 4050 512 4114 quatuor
547 4043 757 4114 principalibus
795 4042 964 4097 civitatibus
995 4042 1112 4112 Anglire
1143 4050 1212 4098 sunt
1240 4040 1534 4109 transmissae30uted

388 4135 475 4199 eaput
503 4127 567 4198 ejus
599 4145 686 4197 super
722 4132 840 4197 pontem
876 4125 1093 4182 Londouiarum
1129 4128 1219 4183 fixum
1249 4136 1303 4193 est,
1335 4146 1439 4183 versus

388 4220 483 4281 prestes
502 4211 660 4282 respiciens
681 4210 857 4266 Senticanus.

421 4295 531 4349 Eodem
561 4312 635 4348 anno
666 4294 811 4348 Robcrtus
842 4293 878 4347 de
908 4294 996 4358 Brus,
1029 4311 1082 4364 per
1111 4294 1225 4350 litteras
1256 4294 1361 4349 misses
1385 4311 1438 4366 per
1450 4308 1608 4363 gumfo,

389 4379 529 4433 solemnes
563 4378 694 4442 nuncios,
721 4377 879 4447 requisivit
902 4378 1015 4449 Regem
1038 4378 1156 4447 Angliae
1184 4378 1219 4432 de
1245 4378 1358 4446 treugis
1384 4396 1436 4449 per
1450 4376 1562 4428 thirteen

389 4480 475 4518 annos
502 4461 658 4518 tresdecim
684 4461 843 4516 duraturis.
881 4461 945 4516 Rex
969 4478 1038 4516 vcro
1062 4460 1189 4530 Angliae,
1215 4460 1356 4530 fatigatus
1383 4458 1608 4562 pcrffigfflssh

1452 4575 1495 4626 the
1508 4577 1588 4629 Scots.

1180 4648 1433 4658 ...n-m—

423 4774 428 4803 ¹
443 4773 499 4822 The
516 4771 657 4836 remaining
675 4769 774 4835 portion
795 4770 826 4819 οἰ
838 4769 889 4818 this
941 4767 1066 4818 narrative
1078 4768 1138 4818 than
1156 4766 1211 4817 that
1222 4768 1253 4818 of
1266 4768 1423 4822 Trokelowe.

391 4860 496 4903 account
517 4852 548 4901 of
571 4850 685 4901 llarcla’s
712 4858 810 4901 treason
839 4850 889 4898 and
973 4848 1439 4902 ²Alteredltomcirorecirinasome·

392 4932 549 4994 punishment
561 4933 633 4981 bears
644 4930 729 4979 marks
748 4930 778 4979 el
795 4928 890 4993 having
942 4927 1009 4978 what
1019 4927 1082 4978 later
1093 4926 1168 4979 hand

392 5014 452 5067 been
471 5013 574 5064 derived
592 5013 762 5062 liemamore
781 5010 890 5062 detuiled
