3750 6250
658 1093 1050 1149 ursronusncurosns.
1336 1081 1377 1148 11

309 1275 470 1335 .eiritates
495 1279 592 1337 Italiae
617 1281 815 1355 progreditur,
844 1284 953 1355 ubique
970 1288 1105 1356 receptus
1131 1297 1150 1338 a
1173 1281 1287 1338 civibus
1313 1297 1380 1338 oum
1393 1278 1464 1332 AD·
1478 1281 1549 1334 127³.

202 1347 269 1399 ΠΙ
289 1349 305 1400 ¹·
334 1364 443 1433 gaudio
471 1366 598 1426 maximo
627 1374 659 1423 et
685 1367 804 1423 honore.
860 1369 1036 1440 ingressuro
1065 1373 1164 1423 autem
1193 1364 1380 1432 Sebeudiam‚

202 1421 276 1533 ξω
334 1448 448 1517 praelati
466 1467 500 1505 ac
518 1469 655 1523 proceres
666 1450 785 1524 Angliae
806 1452 1016 1525 quamplurimi
1033 1451 1065 1507 iu
1082 1450 1225 1507 descensu
1238 1450 1382 1507 montium

334 1539 533 1590 occurrerunt.

368 1615 502 1689 Cumque
519 1619 682 1677 Edwardus
698 1618 907 1693 pertransisset
923 1617 1109 1687 Sabeudiam,
1129 1619 1234 1676 Oomee
1245 1615 1381 1675 ¹Kabila·
1395 1621 1526 1676 Edward’s

334 1702 431 1757 nensis
456 1720 525 1758 eum
542 1704 580 1758 ad
596 1704 701 1760 ludum
716 1704 886 1772 militarem,
909 1705 961 1777 qui
978 1705 1070 1775 vulgo
1089 1706 1108 1733 ¹¹
1120 1708 1353 1760 torneamentum
1362 1702 1380 1729 '¹
1394 1705 1511 1755 iimm-

334 1784 451 1852 dicitur,
472 1787 619 1844 invitavit.
648 1788 776 1862 Optabat
793 1791 872 1845 enim
890 1790 954 1862 ipse
967 1788 1082 1854 Comes,
1096 1806 1164 1843 cum
1183 1789 1284 1843 multis
1303 1788 1380 1854 aliie,

333 1869 469 1925 militiam
488 1872 626 1928 Edwardi
651 1891 739 1946 opere
759 1874 904 1947 experiri3
933 1874 1018 1946 cujus
1041 1873 1105 1946 jam
1122 1873 1202 1928 fama
1217 1873 1383 1944 repleverat

333 1957 426 2010 totum
444 1956 555 2011 orbem.
587 1956 718 2025 Quorum
729 1958 807 2013 rotie
825 1956 1069 2023 condescendens,
1083 1956 1245 2013 Edwardus
1264 1975 1296 2012 se
1314 1973 1382 2013 enm

333 2039 476 2095 militibus
489 2042 561 2108 suis,
580 2041 652 2098 lioet
671 2042 760 2113 longe
777 2042 1014 2114 peregrinatione
1032 2041 1156 2107 vexatis,
1169 2047 1284 2113 partem
1301 2039 1379 2097 veile

333 2128 432 2179 tenere
449 2132 551 2181 contra
569 2126 714 2181 Comitem
741 2133 773 2181 et
796 2144 865 2182 suos
883 2125 1058 2198 proclamari
1076 2124 1156 2191 fecit,
1176 2142 1210 2181 ac
1229 2141 1382 2197 quoscum»

334 2225 389 2279 que
407 2209 481 2264 alios
499 2210 609 2266 milites
627 2210 828 2267 adventantes.
867 2210 924 2265 Die
941 2211 1041 2281 itaque
1060 2216 1170 2266 statuto
1187 2209 1382 2281 congrediun-

333 2298 382 2347 tur
398 2301 506 2364 partes,
526 2295 693 2367 gladiisque
711 2296 743 2350 in
760 2296 936 2351 alterutrum
962 2295 1176 2366 ingeminantes
1195 2294 1282 2359 ictus,
1301 2294 1381 2349 vires

334 2393 401 2431 suae
419 2385 563 2433 exercent.
601 2380 707 2435 Comes
724 2398 795 2435 vero
813 2396 939 2435 cuneum
957 2378 1095 2434 Edwardi
1119 2384 1286 2450 penetrans,
1313 2394 1382 2434 oum

334 2459 397 2531 ipso
408 2463 541 2519 cominus
559 2465 759 2535 congreditur.
797 2464 854 2520 Cui
873 2463 1002 2529 tandem,
1017 2463 1131 2534 abjecto
1150 2462 1258 2535 gladio,
1279 2479 1382 2534 appro-

334 2545 425 2617 pians,
444 2548 554 2603 collum
571 2547 709 2604 Edwardi
725 2549 847 2604 brachio
864 2546 1069 2612 circumduxit,
1083 2552 1115 2602 et
1130 2555 1193 2602 tots
1210 2545 1382 2602 fortitudine

334 2631 508 2703 astringens,
528 2632 565 2687 ab
584 2650 659 2704 equo
677 2631 832 2688 detrahere
851 2632 1020 2687 conabatur.
1067 2630 1127 2686 Sed
1146 2630 1319 2696 Edwardus,
1338 2631 1383 2685 in·

334 2715 500 2772 flexibiliter
518 2735 549 2772 se
560 2725 664 2773 tenens
683 2724 824 2782 ereetum,
838 2717 908 2773 dum
921 2716 1068 2774 Comitem
1081 2715 1138 2770 sibi
1157 2716 1250 2771 sensit
1267 2714 1382 2770 firmius

334 2798 539 2867 adhaerentem,
571 2820 682 2873 equum
711 2801 845 2873 urgendo
874 2800 1038 2857 cdearibue
1069 2799 1214 2856 Comitem
1246 2818 1264 2855 a
1288 2799 1384 2856 ²eella

334 2883 491 2951 absunit3
513 2904 601 2957 quem
618 2886 655 2941 ad
672 2886 782 2942 collum
802 2904 889 2941 suum
907 2884 1082 2957 pendentem
1108 2885 1215 2940 fortius
1233 2884 1383 2940 excutiens

333 2985 351 3022 a
367 2987 398 3024 se
415 2970 448 3024 in
464 2976 575 3026 terram
593 2970 709 3043 dejecit.
739 2969 968 3026 commoventur
986 2967 1089 3024 exinde
1107 2968 1335 3039 Burgundiones
1352 2968 1385 3023 in

333 3052 416 3121 uam,
441 3061 473 3110 et
495 3055 605 3127 ubique
636 3055 808 3111 exercitium
832 3072 983 3110 armorum
1012 3053 1044 3109 in
1067 3053 1206 3108 hostilem
1229 3052 1382 3119 insultum,

334 3147 519 3214 coeptumque
537 3142 601 3197 ludi
618 3141 758 3197 bellicum
775 3142 902 3196 vertitur
919 3141 952 3196 in
969 3139 1138 3195 tumultum.
1185 3139 1311 3195 Cadunt
1328 3139 1385 3212 igi·

334 3232 382 3282 tur
408 3227 546 3283 cedentes
569 3226 700 3298 Anglici,
728 3232 759 3282 et
783 3226 845 3282 vim
869 3225 901 3282 vi
925 3224 1084 3296 repellunt,
1110 3224 1227 3280 fortiter
1255 3224 1385 3296 impetus

334 3312 502 3384 frangentes
520 3311 765 3367 adversariorum.
801 3310 927 3366 Interim
946 3310 1061 3374 Comes,
1081 3309 1262 3365 refocillatus
1280 3308 1384 3380 paulu·

335 3395 404 3461 lum,
423 3395 601 3452 Edwardum
627 3395 755 3451 secundo
780 3394 972 3466 aggreditur3
1000 3394 1086 3465 cujus
1106 3411 1194 3464 super
1213 3412 1244 3448 se
1265 3410 1384 3449 manum

334 3480 461 3535 sentiens
473 3479 640 3551 aggravati,
654 3478 768 3534 dedidit
779 3497 810 3534 se
823 3478 927 3534 eidem.
950 3477 1058 3551 Sicque
1070 3477 1234 3550 peregrinis
1247 3494 1385 3534 concessa

334 3564 466 3630 victoria,
485 3569 584 3636 partes
602 3564 696 3619 ambae
714 3563 746 3619 in
763 3563 867 3618 urbem
884 3563 1005 3636 pacifice
1023 3567 1222 3619 revertuntur.
1322 3599 1324 3603 -

414 3739 607 3807 Edwardae
619 3736 711 3826 facit
732 3737 933 3825 lwoaugicm
954 3737 1041 3824 Regi
1063 3736 1306 3806 ‘Francorum

368 3880 441 3936 Post
457 3879 530 3945 hac,
544 3877 706 3933 Edwardus
723 3877 806 3933 venit
822 3877 854 3932 iu
865 3876 1030 3942 Prandium,
1050 3882 1081 3932 et
1098 3895 1116 3931 a
1127 3873 1275 3948 Phiiippo,
1289 3875 1380 3931 Fran·
1392 3884 1551 3952 Hishomage
1655 3915 1658 3921 ·

335 3981 434 4019 corum
452 3963 544 4036 Rege,
565 3962 720 4035 magnifice
741 3967 894 4033 susceptus
912 3968 975 4027 est;
995 3960 1123 4030 fecitque
1140 3959 1310 4031 homagium
1327 3960 1418 4032 proi⁰
1429 3950 1551 4019 ihfflnss

334 4048 421 4103 terris
445 4047 507 4102 suis
532 4064 604 4118 quae
634 4046 671 4101 de
702 4063 736 4101 eo
760 4045 887 4109 tenebat,
908 4044 963 4100 sub
993 4043 1157 4099 conditione
1186 4043 1381 4099 restitutionis
1392 4018 1533 4072 dm*

335 4139 479 4188 terrarum
504 4131 582 4203 patri
606 4149 669 4197 suo,
689 4130 721 4185 in
737 4129 905 4186 venditione
928 4127 1128 4193 Nor-manniae,
1159 4128 1380 4201 promissarum.

335 4214 447 4271 Deinde
466 4215 498 4271 in
514 4214 700 4271 wasconiam
726 4214 931 4288 proficiscitur,
958 4213 996 4268 ad
1023 4213 1266 4286 compescendum
1292 4228 1383 4267 novos

335 4308 439 4366 motae,
471 4318 545 4372 quos
574 4299 605 4354 iu
635 4298 737 4354 eadem
767 4299 862 4355 Gnaeo
891 4297 927 4353 de
957 4297 1075 4363 Biema,
1108 4296 1193 4353 miles
1216 4294 1323 4351 nobilis
1354 4301 1385 4351 et

335 4391 479 4450 manuue,
494 4385 546 4440 sed
564 4403 582 4438 a
599 4384 656 4439 fide
674 4383 783 4438 domini
802 4384 848 4439 sui
860 4381 997 4438 Edwardi
1016 4382 1163 4448 deficiens,
1177 4382 1381 4437 concitaverat.

335 4468 428 4540 Cujus
458 4476 553 4525 terras
583 4467 746 4524 Edwardus
786 4485 853 4522 cum
892 4465 1025 4522 exercitu
1053 4473 1188 4538 potenter
1217 4465 1381 4537 ingressus,

335 4553 432 4694 ilgsum
449 4553 480 4611 in
500 4555 601 4626 fugem
620 4545 727 4624 coegit,
747 4558 777 4608 ct
797 4551 829 4608 in
856 4551 983 4624 quodam
1008 4557 1104 4607 castro
1130 4547 1199 4606 forti
1217 4567 1251 4606 ac
1268 4550 1383 4606 munito

334 4656 351 4694 o
371 4639 455 4695 sedit.

368 4895 374 4924 ¹
403 4891 526 4958 Properiy
552 4888 745 4945 catalanensis
780 4895 796 4920 ‘⁴
806 4890 837 4940 oi*
883 4895 958 4940 texte.

334 4978 349 5001 u
361 4964 495 5025 chami·
917 4965 1064 5018 ’Francia
1074 4964 1102 5017 in
1113 4964 1157 5018 the
1167 4964 1269 5032 printed
1279 4972 1354 5019 texts·

366 5054 377 5083 ²
391 5051 452 5104 celle
462 5051 490 5103 ln
502 5053 574 5118 orig,
585 5053 636 5102 and
644 5050 671 5101 id
682 5048 725 5103 the
733 5047 833 5116 printed
