3750 6250
754 1096 918 1148 nmronni
939 1096 1149 1150 monem
1409 1081 1474 1153 375

284 1299 393 1350 isnin.
428 1286 496 1340 dam
513 1284 597 1350 elias,
617 1284 727 1355 absque
749 1282 918 1339 resistentis
942 1284 1006 1339 sive
1028 1283 1148 1339 licentia
1164 1283 1367 1354 Anglioornm.
1403 1284 1643 1339 Herennius.

285 1383 324 1446 εξ·
338 1372 368 1416 13
428 1376 526 1425 tamen
549 1370 580 1423 in
598 1367 690 1422 Ducis
708 1368 841 1423 absentia
863 1367 1029 1423 factasunt
1051 1368 1083 1422 in
1100 1374 1180 1424 terra
1200 1369 1275 1433 ista;
1298 1369 1399 1439 sicque
1422 1368 1476 1424 sub
1488 1379 1560 1428 other

285 1449 339 1484 .1¹.

429 1454 483 1508 hae
510 1458 682 1523 tempestate
707 1452 755 1505 hio
778 1451 899 1521 illicque
917 1449 926 1483 ¹
944 1452 1135 1523 percutimur,
1161 1450 1271 1521 ubique
1295 1470 1366 1509 vero
1390 1470 1476 1523 gene·
1489 1452 1577 1496 mn&

429 1537 533 1593 taliter
551 1536 748 1606 flagellamur.
786 1534 910 1604 Quia,-

583 1624 602 1647 “
616 1619 650 1674 Si
667 1619 746 1674 bubo
765 1619 856 1691 lapidi
871 1619 1010 1690 jactetur,
1032 1620 1079 1675 vel
1103 1619 1178 1691 lapis
1196 1618 1251 1685 ssli,

581 1703 697 1760 “Ictus
718 1704 824 1759 damna
840 1704 942 1774 gravis
960 1721 1075 1776 semper
1092 1704 1212 1761 habebit
1228 1705 1322 1763 avis.'’

650 1884 701 1951 De
724 1883 921 1951 Pollatione
950 1883 1244 1951 westmonasterii.

464 2003 535 2057 Rern
562 2001 726 2073 scripturus
750 2020 816 2057 sum
840 2001 907 2072 plus
932 2019 1020 2072 quam
1044 2001 1197 2073 tragicam,
1225 2001 1276 2073 qui
1305 2002 1619 2067 comoediamP011ut10n

428 2088 580 2158 scripsisse
599 2104 714 2157 semper
731 2091 921 2156 optaveram
948 2085 1043 2141 scelus
1061 2103 1079 2140 a
1096 2085 1203 2140 nostris
1221 2086 1337 2142 surculis
1355 2087 1477 2141 intentu·
1490 2086 1610 2162 olWest

428 2179 500 2235 tum,
520 2171 621 2225 sedin
639 2169 746 2224 nostris
765 2168 878 2234 dicbus,
898 2170 972 2241 proh
990 2168 1090 2223 dolor!
1110 2176 1326 2241 perpetratum
1352 2170 1479 2241 qualiter
1490 2161 1595 2201 ΜΨ

427 2256 565 2310 videlicet
589 2254 724 2310 Sathanin
749 2252 901 2317 satellites,
927 2253 1123 2324 irrumpentes
1141 2254 1294 2324 templum,
1314 2254 1478 2310 inauditnm
1490 2218 1637 2349 ἓξὲἷζὲξγ

428 2345 597 2411 perpetrant
622 2337 741 2393 sceleris
769 2336 944 2408 exemplum,
963 2336 1154 2408 pollutionem
1179 2338 1280 2407 utique
1304 2337 1385 2393 illius
1404 2338 1478 2393 aulen
1491 2353 1646 2401 ,mammet

429 2423 494 2487 Dei,
515 2423 551 2477 ab
562 2420 771 2492 Apostolorum
788 2420 925 2491 Principe
944 2418 1094 2483 dedicatae,
1115 2425 1145 2475 et
1162 2420 1200 2475 ed
1217 2438 1345 2492 praesens
1363 2428 1478 2492 tempus
1491 2419 1635 2469 committed

428 2507 464 2562 ab
483 2508 555 2578 ipsis
573 2506 662 2561 etiam
681 2504 839 2560 incredulis
858 2511 888 2559 et
905 2504 968 2559 sine
987 2503 1043 2557 fide
1061 2503 1194 2560 hostibus
1212 2505 1381 2577 impollutis.
1421 2505 1480 2560 Sed
1491 2484 1568 2536 ‘hm‘

428 2590 540 2645 invenit
551 2595 667 2659 tempus
682 2594 824 2651 nostrum,
838 2586 1022 2659 prohdolor!
1042 2587 1174 2643 homines
1187 2587 1353 2644 Christiano
1365 2590 1480 2643 nomine

429 2674 593 2743 insignitos,
612 2672 727 2744 pejores
745 2670 941 2735 ²infidelibus,
961 2676 991 2725 et
1009 2671 1246 2727 irreverentiores
1265 2672 1337 2743 ipsis
1357 2672 1481 2727 ethnicis

429 2763 480 2813 aut
498 2756 628 2828 paganis.
667 2755 782 2810 Revera
799 2755 906 2826 pagani
926 2772 1047 2809 suorum
1066 2772 1215 2810 sacrorum
1233 2756 1433 2811 immunitates
1451 2762 1481 2811 et

425 2842 503 2913 jura,
518 2859 583 2912 quas
601 2857 658 2895 non
677 2839 878 2903 Soldanorum,
891 2838 1130 2903 Admiraliorum,
1150 2840 1213 2893 sive
1225 2838 1351 2910 Regum,
1371 2840 1480 2895 chartis

430 2926 599 2989 fulciuntur,
617 2924 669 2980 sed
687 2924 782 2979 solum
798 2922 951 2977 devotione
970 2921 1148 2992 'plebeiana
1162 2921 1234 2976 adeo
1252 2922 1367 2979 illibata
1384 2930 1479 2979 custo·

430 3009 522 3072 diunt,
537 3014 571 3063 ut
582 3007 707 3078 capitale
720 3007 759 3061 sit
770 3006 847 3061 infra
865 3005 1008 3060 ambitum
1021 3004 1122 3075 templi
1135 3004 1245 3059 ⁴ullius
1258 3005 1405 3061 hominem
1417 3025 1481 3078 per-

430 3093 565 3148 cussisse.
602 3091 644 3148 At
667 3090 777 3162 templa
794 3096 875 3145 tanto
893 3088 1022 3160 gaudent
1039 3088 1232 3153 immunitate,
1253 3094 1287 3144 nt
1304 3089 1379 3146 nulli
1397 3090 1484 3146 liccat

431 3177 568 3231 damnum
586 3180 638 3231 aut
655 3191 814 3245 gravamen
838 3173 946 3228 inferre
966 3172 1023 3227 hiis
1043 3173 1094 3242 qui
1113 3190 1144 3228 se
1162 3172 1272 3228 talibus
1300 3173 1485 3230 libertatibus

431 3260 624 3315 contulerunt.
662 3258 687 3314 Ε
707 3264 807 3313 contra
831 3275 911 3322 vero,
937 3256 1099 3312 Christiani
1123 3256 1270 3312 modernis
1294 3259 1483 3329 temporibus,

431 3345 485 3399 sub
511 3343 567 3398 fide
592 3342 669 3408 fulsi,
690 3348 720 3397 et
741 3341 900 3397 deteriores
924 3341 1059 3404 ethnicis,
1078 3359 1136 3396 non
1161 3343 1262 3397 sinunt
1280 3341 1400 3397 domum
1418 3341 1484 3407 Dei,

430 3435 545 3498 portam
581 3426 658 3490 coeli,
692 3425 814 3496 januam
849 3424 993 3489 Parsdisi‚
1027 3424 1141 3480 Summi
1178 3424 1343 3481 Sacerdotis
1378 3425 1484 3490 aulam,

431 3512 568 3566 videlicet
586 3510 704 3565 Domini
724 3509 797 3564 Jesu
815 3508 927 3563 Christi
946 3526 1091 3580 sponsam,
1110 3526 1168 3564 non
1185 3508 1299 3565 'solum
1317 3508 1439 3564 liberam
1457 3515 1488 3565 ct

431 3597 589 3651 immunem
614 3612 690 3658 esse,
710 3592 762 3648 scd
786 3593 875 3648 ctiam
901 3593 1020 3648 incestis
1045 3593 1189 3658 manibus,
1216 3593 1341 3648 funestis
1367 3594 1485 3664 gladiis,

432 3681 508 3735 truci
532 3679 690 3752 proposito,
717 3696 774 3731 non
801 3683 916 3732 tantum
946 3677 1094 3741 ancillare,
1123 3676 1175 3733 sed
1205 3677 1326 3749 insuper
1356 3677 1487 3750 polluere

431 3764 557 3819 humano
587 3763 739 3833 sanguine,
766 3779 824 3815 non
850 3769 999 3816 verentur.
1050 3760 1127 3829 Quid
1152 3778 1224 3832 crgo
1248 3761 1404 3817 dicendum
1431 3768 1486 3827 est,

433 3849 482 3902 ubi
513 3847 584 3902 fides
614 3847 711 3918 periit,
737 3845 788 3916 jus
818 3846 946 3908 evanuit,
980 3844 1095 3900 devotio
1132 3845 1237 3916 friguit
1272 3852 1303 3901 et
1338 3846 1487 3902 abcessit?

432 3932 488 3988 Vel
508 3931 579 4000 qnid
596 3929 811 3993 “scribendum
832 3929 883 3983 nbi
907 3929 1002 3984 omnis
1027 3929 1175 3999 conspirat
1198 3931 1229 3984 in
1253 3928 1398 3985 deteriora
1420 3948 1487 3985 con·

434 4015 557 4071 sensus?
594 4014 685 4069 Dolor
709 4021 807 4069 autem
831 4030 884 4067 nos
908 4011 997 4068 silere
1015 4012 1174 4084 compellit,
1194 4014 1290 4085 magis
1309 4020 1406 4069 sutem
1424 4014 1489 4085 ipsa

433 4098 597 4170 periculosa
620 4109 760 4167 tempora,
787 4097 818 4150 in
849 4095 955 4167 quibus
980 4096 1083 4167 perfidi
1111 4096 1282 4161 Christiani,
1313 4096 1488 4152 Antichristi

433 4182 580 4253 discipuli,
618 4181 710 4236 divini
747 4179 831 4235 verbi
861 4180 1077 4251 praedicatores,
1116 4181 1178 4236 sive
1214 4181 1344 4252 ipsorum
1374 4197 1489 4234 morum

434 4265 650 4320 detestabilium
678 4264 899 4334 conscriptores,
925 4263 1011 4328 odiis,
1037 4263 1160 4328 damnis,
1190 4270 1221 4318 et
1250 4263 1366 4334 injuriis
1392 4281 1489 4334 perse·

435 4356 566 4420 quentcs.
606 4347 663 4403 Sed
676 4353 782 4410 tamen,
797 4366 833 4401 ne
852 4346 1004 4402 videamur
1023 4348 1118 4418 magis
1135 4347 1268 4401 homines
1286 4346 1382 4401 vereri
1401 4365 1488 4417 quarn

470 4563 475 4590 ¹
485 4561 656 4625 percutiantur
694 4559 722 4609 in
756 4559 799 4609 the
838 4559 939 4622 printed
987 4558 1086 4622 printed
1097 4565 1184 4615 texts,
1202 4558 1329 4607 corrected
1344 4557 1408 4608 hom
1420 4557 1487 4609 Bibl.

434 4648 514 4691 textae
988 4637 1050 4700 Reg.
1062 4642 1091 4684 13
1104 4637 1133 4686 Ε.
1147 4637 1182 4687 ix.

467 4717 939 4781 ²etinfidelid1nintheprintcdtexts.
1021 4713 1114 4764 ὃεοὶιιιιι
1136 4715 1163 4764 in
1184 4714 1261 4778 orig.;
1279 4717 1407 4766 corrected
1424 4716 1488 4765 from

468 4796 555 4862 ’plebe‘
585 4798 612 4846 in
644 4797 716 4860 orig,
736 4795 815 4860 plebes
837 4796 864 4843 iu
898 4795 940 4845 the
988 4795 1031 4842 the
1042 4793 1142 4858 printed
1154 4800 1227 4842 texts.

435 4877 535 4942 printed
547 4883 628 4934 textu
646 4876 773 4926 corrected
793 4875 858 4923 from
871 4873 938 4923 Bibl.
1021 4871 1162 4921 “scribcmli
1189 4871 1216 4920 in
1245 4871 1327 4937 orig.;
1361 4877 1489 4926 corrected

435 4954 629 5020 Beg.13E.ix.
988 4951 1053 5002 from
1064 4951 1107 5002 the
1117 4951 1217 5016 printed
1227 4957 1301 5003 texts.

472 5032 582 5084 ‘nullius
611 5033 639 5083 in
667 5033 739 5099 orig,
767 5031 832 5082 illius
850 5031 876 5083 ln
898 5031 941 5083 the
