3750 6250
738 1097 901 1148 nrsronu
922 1098 1132 1148 aramenus
1396 1086 1458 1151 251

300 1289 391 1343 ‚Hert
417 1285 437 1311 “
455 1288 487 1340 et
512 1285 695 1340 concordiam
719 1286 796 1340 inter
819 1285 916 1356 Reges
941 1286 1076 1357 praelatos
1093 1287 1252 1342 reformare
1270 1304 1328 1343 non
1344 1287 1461 1359 poterit,
1473 1294 1541 1349 Μ),
1555 1303 1626 1350 134³,

300 1395 303 1407 ·
417 1370 437 1396 “
455 1376 568 1441 ueugae
585 1370 774 1425 nihilominus
787 1388 879 1440 usque
897 1370 935 1425 ad
952 1371 1109 1425 terminum
1127 1371 1203 1426 infra
1220 1373 1348 1443 positum
1365 1389 1461 1443 perse·

300 1424 378 1557 {ffi
416 1455 436 1480 “
455 1461 565 1519 verunt,
579 1459 610 1510 et
621 1455 743 1510 firmiter
755 1455 792 1509 ab
803 1452 980 1525 ¹[omnibus]
994 1461 1208 1511 conserventur.
1233 1454 1282 1511 Ad
1293 1457 1379 1511 finem
1392 1473 1461 1526 quo·

300 1525 388 1610 m]
417 1540 438 1565 “
457 1555 514 1609 que
531 1539 625 1604 illum,
648 1539 727 1609 quod
750 1540 869 1609 negotia
886 1540 1054 1611 supradicta
1071 1540 1221 1595 meliorem
1245 1541 1462 1612 plenioremque

417 1624 616 1679 “sortiantur
643 1624 788 1687 effectum,
814 1625 1009 1679 concedentur
1029 1632 1139 1695 trengae
1157 1624 1212 1680 ²ad
1230 1624 1338 1680 festum
1363 1626 1462 1681 Sancti

418 1709 439 1733 “
457 1706 610 1763 Michaelis
622 1709 654 1762 in
665 1725 764 1763 meuse
778 1708 942 1779 Septembri
954 1709 1085 1779 proximo
1098 1709 1238 1772 futurum,
1253 1716 1283 1764 et
1294 1727 1311 1764 a
1323 1710 1398 1764 festo
1410 1709 1462 1763 illo

417 1792 438 1817 “
456 1808 550 1861 usqne
567 1792 605 1847 ad
623 1792 710 1847 finem
736 1792 826 1847 trium
850 1810 992 1846 annorum
1018 1794 1148 1863 proximo
1173 1794 1366 1863 sequentium,
1386 1794 1462 1848 inter

417 1876 437 1901 “
456 1875 609 1946 proediotos
627 1876 725 1947 Reges
742 1875 860 1946 Angliae
878 1882 908 1931 et
926 1877 1067 1940 Francia,
1086 1876 1216 1946 'Regem
1235 1876 1349 1941 Scotiae,
1365 1876 1460 1932 Gemi·

417 1959 438 1985 ‘¹
457 1965 517 2013 tem
534 1959 686 2024 Hauoniae,
707 1960 805 2015 Duces
829 1960 996 2016 Brabantiae
1020 1967 1050 2015 et
1078 1959 1183 2024 Goba,
1209 1959 1408 2014 Marchioncm
1426 1960 1462 2014 de

417 2045 437 2071 ‘⁶
457 2042 574 2107 Gillers,
589 2044 746 2099 Dominum
756 2044 776 2099 J
777 2043 919 2099 ohannem
931 2044 968 2098 de
979 2044 1124 2109 Hanonia,
1135 2051 1166 2100 et
1177 2050 1294 2115 gentem
1306 2044 1461 2108 Flandrioe,

417 2129 612 2199 “omnesque
641 2130 684 2183 eis
714 2128 893 2184 adhaerentes
924 2129 955 2182 in
980 2129 1114 2184 omnibus
1145 2130 1230 2184 terris
1262 2129 1417 2183 eorundem
1446 2147 1464 2183 a

417 2214 437 2239 ‘¹
454 2218 584 2285 tempore
609 2213 684 2268 datur
714 2220 885 2282 treugarum
914 2214 1111 2283 praesentium,
1143 2232 1196 2284 'per
1227 2219 1318 2268 tutum
1347 2218 1462 2283 tempus

416 2298 436 2323 ‘⁸
455 2298 663 2368 supradictum.
713 2298 847 2368 Insuper,
880 2297 943 2352 Rex
974 2297 1088 2362 Scotiae,
1116 2297 1219 2353 Comes
1247 2297 1399 2361 Eunomia,
1433 2303 1463 2351 et

415 2381 436 2406 “
454 2380 541 2436 dietis
559 2381 691 2452 Regibus
709 2382 808 2435 eaeteri
833 2381 945 2436 nobiles
972 2381 1095 2451 alligati,
1115 2381 1234 2436 mittant
1253 2382 1374 2436 nuncios
1393 2399 1461 2436 suos

415 2465 434 2491 ‘¹
453 2463 491 2519 ad
516 2464 636 2520 Ouriam
659 2466 819 2536 praefatam,
845 2483 912 2520 cum
937 2472 1081 2536 potestate
1107 2465 1305 2521 consentiendi
1330 2473 1360 2521 et
1385 2466 1460 2520 affir-

414 2550 434 2575 “
453 2549 560 2613 mandi,
581 2550 740 2604 secundum
758 2555 915 2604 mactatum
933 2567 1032 2604 coram
1050 2550 1174 2604 Domino
1187 2550 1268 2621 Papa
1285 2550 1459 2615 babendum,

414 2634 434 2659 ‘⁴
452 2633 484 2687 in
503 2639 644 2703 quantum
662 2651 711 2688 eos
729 2635 842 2697 attinet,
857 2634 932 2688 citra
950 2635 1057 2689 festum
1077 2635 1175 2689 Sancti
1189 2634 1209 2688 J
1210 2635 1330 2689 ohannis
1350 2653 1460 2704 praeno·

413 2718 433 2743 “
451 2722 560 2772 tatum:
581 2719 607 2773 si
624 2734 693 2772 vero
711 2718 855 2773 dictorum
872 2718 1015 2772 nobilium
1033 2719 1125 2788 aliqui
1142 2720 1272 2783 nuncios,
1286 2725 1320 2774 ut
1333 2720 1462 2790 praemit

414 2802 434 2827 “
451 2802 534 2867 titur,
556 2802 593 2856 ad
611 2801 732 2856 (iuriam
750 2802 910 2855 Romanam
935 2803 1053 2857 mittere
1071 2820 1129 2856 non
1147 2804 1323 2868 curaverint,
1343 2805 1461 2874 negotia

414 2887 433 2913 ‘⁴
452 2886 620 2956 supradicta
636 2902 820 2955 nequaquam
838 2886 874 2939 ob
893 2885 947 2939 hoc
965 2893 1100 2941 maneant
1118 2887 1298 2957 prolongato.
1337 2886 1459 2942 Conser-

414 2971 434 2996 “
452 2976 557 3024 rentur
581 2987 696 3041 quoque
722 2969 869 3039 praedietae
896 2975 1009 3039 treugae
1034 2970 1066 3023 in
1090 2970 1243 3024 Britannia
1266 2971 1343 3025 inter
1361 2990 1461 3042 snpra·

414 3055 433 3080 “
452 3053 545 3109 dictos
563 3061 594 3109 et
612 3055 654 3108 eis
680 3054 871 3117 adhaerentcs,
895 3071 1061 3123 quanquam
1089 3054 1120 3107 in
1147 3054 1263 3108 Ducatu
1286 3053 1338 3108 illo
1359 3055 1460 3125 jussa

414 3139 578 3195 “dixerint
601 3139 759 3210 possidere.
809 3138 940 3192 Durante
962 3155 1031 3193 vero
1049 3144 1163 3208 treuga,
1184 3139 1288 3194 civitas
1307 3137 1343 3192 de
1362 3138 1460 3194 Vanae

413 3226 433 3250 “
451 3222 483 3278 in
500 3224 633 3278 manibus
652 3223 861 3285 Oardinalinm,
881 3223 997 3276 nomine
1018 3222 1136 3277 Domini
1157 3222 1254 3292 Papae,
1277 3222 1458 3288 detineatur;

413 3307 617 3378 “elapsisque
642 3308 766 3377 treugis,
793 3307 829 3361 de
853 3307 925 3361 urbe
951 3306 1004 3360 illa
1029 3324 1111 3362 suam
1136 3307 1245 3361 iaciant
1270 3307 1458 3361 voluntatem.

414 3394 433 3419 ‘⁸
453 3391 623 3447 Oardinales
660 3393 779 3462 insuper
809 3397 907 3461 partes
937 3408 1005 3445 suas
1035 3391 1192 3461 diligenter
1222 3396 1376 3462 apponant,
1407 3409 1460 3461 pro

414 3478 433 3502 “
452 3476 632 3531 absolutione
665 3475 898 3538 Flandrensium,
929 3480 960 3529 et
993 3475 1144 3530 sententiis
1177 3492 1249 3545 quaa
1275 3475 1461 3530 incurrerunt

414 3563 433 3588 ‘⁶
452 3561 628 3625 amovendis,
662 3566 700 3623 et,
733 3560 811 3630 quod
839 3560 889 3613 via
915 3559 990 3613 bona
1016 3566 1046 3614 et
1071 3559 1252 3614 rationabilis
1283 3559 1456 3624 inveniatur,

414 3648 434 3672 ‘⁶
452 3647 566 3701 curiose
584 3645 721 3700 studeant
737 3645 878 3698 laborare.
926 3643 1030 3699 (lomes
1050 3643 1204 3707 Flcndrioe,
1225 3645 1303 3699 sieut
1326 3643 1459 3698 dominus

414 3733 433 3757 “
452 3731 515 3785 sine
533 3730 638 3794 medio,
658 3737 689 3785 et
705 3729 819 3783 medius
837 3727 920 3783 velut
937 3729 1079 3798 superior,
1097 3727 1220 3783 durante
1231 3733 1346 3799 treuga,
1366 3746 1458 3783 rema·

414 3816 434 3841 “
452 3821 519 3870 neat
532 3816 563 3869 in
575 3815 732 3878 Flcndria;
751 3814 794 3867 ita
811 3819 918 3877 tamen,
933 3811 1011 3882 quod
1027 3812 1081 3866 hoc
1097 3812 1148 3867 fiat
1165 3812 1201 3866 de
1220 3830 1342 3868 assensu
1359 3812 1459 3884 populi

414 3901 433 3926 “
452 3899 607 3953 Flandriae.
653 3899 687 3953 Si
709 3914 779 3952 vero
803 3897 895 3966 aliqui
919 3897 950 3950 in
970 3896 1132 3960 Wusconia,
1158 3897 1206 3952 vel
1230 3897 1311 3962 alibi,
1337 3898 1459 3953 durante

414 3985 434 4010 “
452 3989 566 4054 treuga,
579 3983 685 4038 ricinis
698 3983 760 4036 suis
772 3981 820 4034 vel
832 3982 960 4036 inimicis
973 3982 1064 4051 partis
1077 3981 1198 4036 alterius
1213 4001 1350 4053 guerram
1369 3983 1459 4037 susei-

414 4069 433 4094 “
453 4074 523 4132 tent,
534 4067 605 4123 dicti
618 4069 715 4136 Reges
727 4083 780 4136 per
793 4082 833 4129 se,
846 4065 914 4120 ⁴vel
926 4083 978 4136 per
990 4065 1072 4128 alios,
1087 4065 1196 4121 directe
1208 4067 1255 4121 vel
1268 4067 1416 4129 indirecte,
1427 4084 1458 4120 se

415 4155 433 4179 “
452 4153 618 4208 nullatenus
639 4151 843 4214 intromittant,
856 4167 910 4203 nee
928 4150 965 4202 ob
979 4149 1033 4203 hoc
1052 4155 1165 4219 treugae
1183 4150 1299 4204 violata>
1318 4150 1376 4204 sint
1393 4148 1459 4203 ⁵vel

414 4240 434 4265 “
453 4238 577 4293 infectae.
615 4236 695 4292 Dicti
708 4253 777 4290 vero
790 4235 888 4305 Reges
900 4237 999 4304 partes
1018 4251 1086 4288 suas
1098 4233 1256 4304 diligenter
1274 4233 1337 4288 sinc
1355 4233 1457 4288 fraude

414 4325 434 4350 “
452 4328 606 4394 apponant,
619 4338 673 4375 neo
684 4319 771 4374 unius
790 4319 882 4390 partis
895 4317 1033 4382 “subditi
1048 4317 1170 4372 durante
1190 4324 1303 4387 treuga,
1319 4317 1395 4387 parti
1415 4317 1456 4371 al·

414 4411 433 4435 “
452 4408 509 4463 teri
520 4408 552 4462 in
563 4405 718 4463 Wasconia
730 4410 760 4459 et
771 4403 925 4457 Britannia
936 4419 1074 4474 guerram
1086 4407 1222 4456 moveant
1235 4400 1453 4471 quoquomodo;

446 4582 587 4648 'Supplied
599 4582 664 4630 from
675 4579 717 4629 the
733 4579 833 4643 printed
844 4584 912 4627 texts
957 4580 1007 4628 and
1036 4575 1278 4654 in'Hemingburgh
1309 4577 1359 4626 and
1382 4576 1454 4629 Harl.

412 4663 442 4713 of
454 4662 639 4728 Wrdaingham,
649 4661 699 4710 and
710 4659 775 4709 stom
786 4658 910 4723 Heming·
957 4663 1013 4707 655.

413 4741 508 4806 burgh.
989 4735 1089 4784 ‘necin
1101 4735 1144 4786 the
1154 4734 1254 4799 printed
1265 4741 1339 4787 texts.

444 4823 493 4870 'st
517 4823 553 4870 ad
579 4821 606 4870 in
633 4820 676 4869 the
703 4819 803 4883 printed
824 4826 909 4876 textu
988 4813 1123 4865 ⁶0mitud
1144 4813 1173 4863 in
1193 4813 1235 4864 the
1253 4814 1352 4878 printed
1369 4823 1454 4879 texts3

411 4915 485 4966 arque
506 4900 541 4950 ed
573 4900 601 4949 in
637 4898 833 4964 Hemingburgb
860 4898 910 4947 and
956 4912 998 4945 nec
1009 4895 1037 4943 in
1046 4894 1241 4960 Hemingburgh
1253 4897 1303 4945 and
1314 4896 1388 4946 Harl.
1398 4902 1455 4948 65⁶.

412 4980 552 5030 luttere.
987 4974 1102 5024 “subdite
1121 4975 1147 5025 in
1171 4975 1254 5042 orig.;
1281 4978 1316 5042 by
1339 4976 1456 5027 inadver-

444 5058 599 5127 ⁸Reyesqae
615 5057 644 5107 in
660 5058 703 5108 the
723 5057 822 5121 printed
836 5063 910 5117 texts,
956 5062 1034 5105 tenea.
