3750 6250
649 1118 814 1173 merolus
828 1119 1035 1176 mumolus
1317 1110 1363 1183 37

199 1316 296 1421 “ff
315 1308 334 1333 “
354 1306 432 1363 Cum
459 1315 556 1365 autem
588 1328 645 1366 non
669 1312 763 1383 possit
785 1313 925 1385 praeiatus
953 1313 1017 1368 Rex
1039 1312 1157 1385 Angliae
1184 1314 1242 1370 isto
1276 1316 1361 1372 modo
1374 1318 1443 1369 An.
1458 1326 1528 1372 1291.

207 1368 251 1487 ¹³¹3
313 1393 333 1416 ⁴⁴
353 1391 549 1462 cognitionem
566 1393 671 1459 facere,
685 1413 740 1451 nec
751 1397 906 1469 complere,
920 1397 982 1452 sino
997 1397 1128 1469 judicio,
1147 1415 1201 1454 nec
1215 1398 1361 1469 judicium

199 1470 218 1552 ἰ
312 1476 332 1499 “
352 1474 457 1531 debeat
474 1493 539 1532 esse
557 1477 620 1533 sine
646 1480 835 1546 executione3
859 1498 913 1536 neo
931 1482 1131 1537 executionem
1148 1483 1245 1553 possit
1262 1482 1362 1539 debito

313 1562 332 1586 ‘⁴
350 1559 437 1615 modo
461 1560 556 1617 facere
581 1563 644 1618 sine
667 1564 849 1635 possessione
874 1571 904 1621 et
922 1566 1039 1636 seysina
1062 1566 1195 1637 ejusdem
1218 1573 1359 1623 terreret

199 1649 245 1688 *ΐ-
313 1645 514 1699 “castrorum
538 1645 620 1717 ejus;
656 1648 799 1714 volumus,
820 1649 984 1714 annuimus,
1010 1655 1040 1705 et
1064 1649 1257 1714 concedimus,
1284 1651 1361 1721 quod

313 1730 332 1753 ⁴‘
351 1728 424 1800 ipse,
445 1733 583 1800 tanquam
609 1730 742 1786 domiuus
769 1732 912 1803 superior,
934 1732 972 1789 ad
997 1732 1205 1804 perficiendum
1222 1732 1362 1805 predicta

313 1812 456 1868 “hebeat
485 1815 629 1886 seysinam
659 1816 749 1871 totius
779 1822 865 1872 terrae
898 1816 1003 1871 Scotirc
1033 1822 1064 1872 et
1092 1823 1254 1872 castrorum
1283 1817 1357 1888 ejus,

312 1899 332 1922 ⁴⁴
352 1914 503 1969 quousque
524 1897 575 1968 jus
593 1898 624 1952 in
641 1916 766 1969 regnum
783 1900 949 1971 petentibus
968 1900 1058 1955 fuerit
1083 1900 1274 1955 satisfactum·
1312 1900 1360 1956 Ita

313 1982 332 2006 ‘¹
351 1986 457 2045 tamen,
484 1980 562 2052 quod
585 1988 740 2052 antequam
762 1982 869 2038 babeat
894 1984 1050 2055 seysinam,
1076 1983 1180 2038 bouem
1198 1989 1228 2038 et
1252 1984 1358 2039 suffici·

313 2066 332 2089 “
351 2071 448 2120 entem
486 2065 672 2121 securitatem
703 2066 791 2122 iaciat
825 2068 1009 2139 petitoribus,
1041 2072 1071 2122 et
1100 2067 1279 2132 custodibus,
1311 2067 1358 2123 ¹et

312 2151 331 2174 ‘¹
349 2146 568 2204 ‘communitati
586 2149 671 2221 regni
691 2150 805 2215 scotie,
825 2152 998 2207 restituendi
1025 2150 1122 2206 ³idem
1141 2169 1265 2223 regnum
1289 2169 1357 2206 cum

312 2234 330 2258 ‘⁴
349 2238 411 2288 tota
427 2234 591 2304 regalitate,
611 2233 764 2305 dignitate,
778 2234 915 2301 dominio,
928 2236 1123 2301 libertatibus,
1143 2234 1358 2290 consuetudini·

311 2318 330 2343 ‘⁶
348 2315 413 2381 bus,
432 2317 443 2348 ⁴
447 2317 632 2388 justiciariis,
652 2317 778 2390 legibus,
797 2319 910 2384 usibus,
930 2319 1172 2390 possessionibus,
1197 2326 1227 2374 et
1239 2320 1357 2390 quibus·

311 2403 330 2427 ‘⁴
348 2418 474 2472 cumque
504 2402 697 2473 pertinentiis,
728 2403 759 2457 iu
779 2403 881 2458 eodem
911 2410 990 2459 statu
1018 2405 1050 2459 in
1085 2421 1143 2475 quo
1173 2408 1256 2458 erent
1291 2409 1358 2458 ante

310 2488 330 2511 ⁴⁴
349 2486 495 2556 seysinam
513 2486 569 2541 sibi
590 2486 746 2552 traditam3
772 2487 821 2543 ⁵ct
840 2488 978 2544 liberabit
996 2488 1049 2552 illi,
1070 2489 1117 2543 cui
1141 2488 1210 2558 jure
1236 2486 1358 2543 debetur

310 2571 329 2595 ⁴¹
348 2568 509 2624 secundum
522 2569 668 2640 judicium
686 2570 859 2640 regalitatis,
885 2572 966 2625 selvo
984 2572 1061 2642 Regi
1078 2570 1196 2641 Anglire
1221 2571 1358 2640 homagio

310 2655 329 2679 ⁴⁶
348 2652 429 2708 illius
449 2653 500 2723 qui
518 2653 581 2708 Rex
598 2654 662 2709 erit.
699 2654 738 2708 Et
755 2654 843 2710 debet
859 2654 921 2710 haec
939 2655 1086 2710 restitutio
1099 2655 1162 2709 fieri
1189 2654 1266 2708 inira
1285 2653 1358 2709 duos

310 2739 329 2763 ‘⁴
348 2754 462 2793 meuses
481 2755 500 2791 e
517 2736 563 2792 die
582 2755 641 2808 quo
664 2738 754 2793 suerit
771 2739 825 2793 hoc
847 2739 896 2809 jus
916 2738 1084 2794 discussum
1096 2744 1183 2809 atque
1196 2738 1356 2793 firmatum.

309 2820 452 2877 “Exitus
471 2820 557 2877 dictae
581 2828 667 2877 terrae
690 2821 786 2877 medio
809 2827 939 2893 tempore
963 2823 1150 2894 recipiantur,
1176 2827 1206 2877 et
1229 2821 1259 2875 in
1278 2821 1359 2877 salvo

309 2907 329 2932 ‘⁴
348 2904 479 2978 deposito
491 2911 675 2976 reponantur,
689 2911 719 2961 et
739 2906 811 2960 bene
831 2906 1041 2971 custodientur,
1055 2924 1107 2978 per
1125 2922 1244 2960 manum
1257 2905 1360 2961 Came·

308 2992 329 3015 ⁴⁸
348 2990 419 3043 rarii
438 2987 554 3054 Sceuae,
575 2990 626 3061 qui
644 3007 721 3045 nunc
738 2995 793 3054 est,
813 2995 843 3044 et
860 2989 942 3045 illins
962 3007 1049 3061 quem
1067 2988 1230 3060 assignabit
1247 2987 1284 3042 ed
1303 2988 1359 3042 hoc

309 3072 411 3128 “Rex
437 3072 572 3145 legum
604 3079 634 3129 et
656 3074 720 3139 hcc,
753 3073 807 3130 sub
828 3073 937 3145 sigillis
956 3090 1066 3139 corum,
1093 3072 1174 3129 salve
1191 3070 1358 3127 rationabili

308 3158 557 3212 “sustentatione
588 3165 673 3212 terrae
712 3163 743 3213 et
771 3164 942 3223 castrorum,
972 3158 1230 3226 ministrorumque
1260 3154 1354 3225 regni.

309 3242 329 3269 ‘⁴
348 3241 596 3297 Intestimonium
622 3242 745 3297 istorum
773 3242 901 3297 omnium
928 3241 1143 3314 praedictorum,
1170 3240 1357 3311 opposuimus

308 3329 328 3353 ⁴¹
347 3325 385 3382 ad
414 3326 468 3381 bas
492 3325 605 3381 litteras
626 3325 726 3397 sigilla
749 3332 856 3382 nostra.
892 3325 989 3382 ‘Date
1012 3326 1089 3397 apud
1112 3323 1283 3386 ⁷Northam‚
1309 3322 1357 3377 die

308 3409 489 3466 “Mercurii
512 3411 643 3482 proxima
660 3417 727 3482 post
748 3410 957 3466 Ascensionem
982 3408 1109 3472 Domini,
1136 3424 1219 3472 auno,
1246 3405 1319 3461 eto.”

200 3504 289 3568 Ψ·
342 3493 406 3549 Has
427 3494 500 3549 duas
517 3493 630 3550 litteras
651 3494 734 3549 misit
750 3494 813 3548 Rex
831 3493 958 3564 Angliae,
979 3492 1033 3548 sub
1048 3490 1147 3562 sigillo
1160 3508 1213 3545 suo
1231 3489 1355 3561 privato,

208 3556 277 3608 ΒΜ
307 3577 345 3632 ad
362 3578 480 3633 diversa
508 3578 684 3633 monasterie
708 3577 792 3649 regni
816 3577 872 3641 sui,
902 3582 936 3632 ut
955 3575 993 3632 ad
1011 3584 1182 3647 perpetuum
1199 3572 1243 3629 rei
1265 3578 1357 3644 gestie

199 3627 247 3739 ιη
308 3663 476 3719 memoriam
500 3662 531 3717 in
546 3661 698 3718 chronicis
716 3666 900 3733 ponerentur.

342 3870 414 3938 lice
436 3876 606 3938 assecurat
628 3870 763 3937 residue
785 3889 931 3956 ceptrum
954 3866 1073 3934 Scotioe
1095 3863 1153 3932 cui
1176 3862 1316 3931 debetur.

340 4022 454 4079 Idcirco
473 4024 549 4079 facta
573 4023 668 4079 Scotis
692 4023 847 4078 securitate
865 4021 935 4093 ⁸pro
953 4026 1035 4091 parte
1056 4019 1148 4089 Regis
1166 4017 1292 4088 Angliro,
1317 4014 1353 4070 de
1367 4016 1458 4083 Surety

306 4107 493 4173 restituendo,
518 4114 606 4179 prout
628 4108 791 4179 praefortur,
811 4124 902 4177 regno
924 4105 1030 4160 Scotiae
1055 4104 1130 4157 infra
1148 4102 1220 4157 duos
1238 4118 1352 4155 menses
1365 4084 1489 4202 {misy

307 4191 350 4248 illi
378 4194 427 4250 cui
450 4193 487 4248 de
509 4193 578 4265 jure
602 4193 657 4248 hoc
681 4198 866 4264 competeret,
893 4189 948 4245 sub
972 4207 1058 4260 poeua
1084 4193 1200 4242 centum
1224 4185 1351 4239 millium
1364 4217 1521 4269 thanum

307 4276 444 4333 librarum
475 4277 693 4348 sterlingorum,
724 4276 824 4330 Romus
854 4275 885 4329 in
915 4272 1079 4328 subsidium
1109 4271 1206 4325 Terrae
1238 4268 1351 4324 Sanctae
1364 4291 1457 4335 restore
1468 4287 1510 4336 the

309 4361 517 4427 solvendorum,
543 4380 577 4418 ao
600 4363 688 4417 otiam
707 4360 761 4415 sub
785 4377 871 4430 poeuu
894 4353 1198 4412 excommunicationis
1216 4357 1246 4406 et
1263 4351 1351 4406 inter·
1365 4365 1440 4402 same.

308 4532 392 4547 ——nn

341 4648 467 4703 'Omitted
478 4649 505 4700 iu
516 4649 559 4701 tbe
569 4650 669 4715 printed
680 4655 755 4700 texts.
854 4653 869 4676 ‘⁴
882 4635 1353 4711 ‹lyapreechssencrbu,lcndegruee

340 4731 521 4781 'munima'
529 4730 556 4781 in
564 4731 608 4782 the
616 4728 717 4795 printed
723 4735 798 4779 texts.
854 4732 870 4754 ‘⁸
881 4740 951 4787 nec,
961 4732 1080 4775 uonauute
1087 4719 1248 4787 primereia.”
1289 4717 1352 4769 Now

341 4808 539 4861 'eride-intbe
549 4809 650 4875 printed
660 4817 735 4860 texts.
853 4806 958 4870 Rymer,
968 4806 989 4854 1.
1003 4806 1059 4855 755.

342 4888 491 4954 ‘justititia
502 4889 545 4939 tbe
556 4889 655 4955 printed
671 4896 745 4940 texts.
886 4882 1085 4935 'Nerthumbiu
1098 4882 1141 4931 the
1152 4879 1251 4946 printed
1259 4884 1333 4930 texts.

343 4968 467 5021 'Omitted
478 4968 506 5018 iu
514 4969 557 5020 the
567 4969 668 5034 printed
678 4976 755 5019 texts.
886 4966 932 5015 'er
938 4971 1013 5029 parte
1022 4963 1050 5012 in
1061 4961 1104 5013 the
1115 4960 1215 5025 printed
1225 4966 1300 5011 texts.

344 5047 451 5099 “‘Fetet
459 5045 803 5111 deueNortastMeter·
