3750 6250
467 1081 531 1143 242
797 1089 926 1139 sacua
949 1090 1182 1139 stramonia

300 1271 647 1341 AD.1841.“bitoam‚
683 1276 817 1331 fiduciam
851 1278 1012 1347 posuimus,
1035 1284 1065 1331 et
1089 1277 1237 1332 subtracto
1267 1276 1361 1340 nobis,
1396 1278 1514 1333 utinam
1528 1279 1610 1332 Man

468 1365 487 1387 “
506 1379 562 1415 non
593 1359 946 1458 fraudulentor,.sperato
983 1360 1122 1457 subsidio,
1154 1360 1326 1457 necessitate
1357 1362 1514 1460 compulsi,
1528 1354 1610 1466 ᾖ

468 1445 561 1499 “sub
602 1462 699 1499 usuris
737 1462 921 1515 gravissimis
961 1463 1044 1516 quasi
1082 1444 1278 1516 importabiha
1314 1453 1514 1502 contraximus
1526 1480 1586 1530 N„

468 1531 487 1556 “
506 1545 594 1582 onera
622 1527 795 1593 debitorum,
828 1536 858 1583 et
890 1530 933 1584 sic
962 1526 1110 1584 retardata
1146 1528 1329 1599 expeditione
1364 1530 1512 1595 ulteriori,
1527 1547 1610 1612 nm

469 1612 598 1667 “coacti
635 1629 735 1666 sumus
773 1612 809 1666 ab
848 1611 990 1667 inchoatis
1024 1613 1257 1682 ’magnanimiter
1293 1612 1425 1669 hostium
1463 1632 1525 1685 ag·,

469 1698 489 1724 “
508 1696 657 1767 gressibus
684 1714 720 1750 ea
748 1696 812 1750 vice
841 1694 991 1762 desistere,
1018 1704 1048 1750 et
1071 1698 1102 1750 iu
1126 1695 1266 1766 Angliam
1282 1713 1433 1763 remearc;
1464 1699 1515 1753 ubi

469 1781 645 1851 “expositis
686 1781 806 1852 praefato
841 1778 1068 1852 archiepiscopo
1112 1782 1219 1835 nostris
1262 1782 1400 1837 arumnis
1441 1782 1516 1838 mul·

469 1865 488 1893 ⁴¹
506 1864 656 1936 tiplicibus
690 1871 721 1919 et
756 1863 922 1919 infortuniis
959 1866 1134 1929 memoratis,
1171 1872 1385 1936 convocatoque
1428 1884 1515 1939 snper

469 1952 488 1977 “
507 1948 562 2004 hoc
592 1949 798 2012 Parliamento,
827 1947 991 2014 ¹Proceres‚
1027 1950 1164 2012 Berones,
1200 1949 1329 2013 Praelati,
1355 1952 1514 2023 oaeterique

469 2035 488 2061 ‘⁶
507 2032 607 2088 fideles
626 2031 757 2103 ejusdem
775 2033 860 2103 regni
881 2034 983 2099 nostri,
1004 2051 1086 2088 nouas
1113 2034 1205 2105 partis
1233 2034 1401 2104 garbarum,
1423 2053 1511 2106 agno·

470 2118 490 2144 ‘⁸
508 2134 584 2180 rum,
605 2122 635 2171 et
654 2116 797 2170 vellerum
818 2134 945 2180 suornm,
970 2117 1081 2189 'prater'
1110 2117 1251 2172 decimam
1278 2118 1362 2174 nobis
1392 2135 1412 2173 a
1437 2119 1514 2174 oleru

470 2202 488 2228 ‘⁸
508 2216 682 2263 concessam,
712 2198 771 2254 tale
796 2200 880 2253 nobis
908 2200 1014 2255 dedere
1041 2200 1213 2264 subsidium,
1241 2201 1319 2270 quod
1342 2202 1368 2257 ai
1388 2201 1514 2257 fideliter

470 2285 489 2310 “
508 2283 661 2338 collectum
680 2281 785 2337 fuisset
802 2299 930 2352 congruo
949 2290 1088 2354 tompore,
1111 2289 1142 2338 et
1159 2283 1318 2350 obtentum,
1340 2285 1379 2339 ad
1398 2286 1512 2357 expedi·

470 2369 489 2395 “
508 2367 617 2422 tionem
637 2367 723 2422 diota
744 2383 868 2437 guerras
889 2367 1053 2422 debitorum
1073 2368 1255 2432 solutionem,
1278 2374 1309 2423 st
1327 2368 1513 2425 inimicorum

469 2455 488 2479 “
507 2451 713 2515 confusionem,
742 2468 800 2505 non
837 2451 983 2506 modicum
1015 2451 1225 2506 adminiculum
1247 2452 1453 2524 praestitissem
1485 2459 1514 2508 et

469 2537 487 2561 ‘⁸
507 2536 590 2598 forte,
611 2535 769 2589 multorum
788 2534 948 2589 secundum
967 2536 1139 2605 opinionem,
1160 2535 1361 2591 verisimiliter
1385 2537 1511 2594 suffecis-

468 2622 488 2646 “
507 2618 682 2683 set;-idem
701 2618 946 2690 Archiepiscopus
964 2619 1002 2673 ad
1020 2618 1091 2674 dicti
1111 2620 1233 2674 subsidii
1252 2620 1462 2687 collectionem,
1483 2627 1512 2675 et

469 2705 487 2730 ‘⁸
507 2703 631 2757 aliorum
650 2703 733 2758 nobis
751 2704 980 2758 necessariorum
1000 2703 1306 2767 subministrationem,
1328 2705 1438 2759 iterum
1449 2722 1511 2777 pro-

469 2787 488 2812 “
507 2786 589 2840 misit
606 2786 759 2840 efficaciter
776 2787 944 2858 inteponere
961 2793 1059 2859 partes
1078 2805 1155 2841 suas.
1193 2786 1276 2841 Unde
1288 2805 1350 2853 nos,
1365 2789 1430 2860 ejus
1448 2806 1510 2860 prc-

469 2871 488 2895 “
507 2869 694 2924 missionibus
712 2869 895 2935 inherentes,
914 2872 1073 2942 resumptis
1099 2870 1222 2934 viribus,
1249 2871 1368 2942 navigio
1395 2872 1433 2928 sd
1458 2872 1510 2927 hoc

469 2954 488 2979 ‘⁸
507 2959 692 3023 congregato,
715 2971 818 3008 versus
845 2954 1014 3009 Flandriam
1039 2953 1220 3024 navigantes,
1247 2956 1403 3011 commisso
1428 2956 1509 3027 gravi

469 3037 610 3109 “proelio
642 3038 769 3092 navitico
797 3056 864 3093 cum
889 3038 1031 3100 hostibus,
1065 3039 1115 3108 qui
1147 3039 1178 3092 in
1208 3044 1336 3093 nostram
1369 3046 1400 3095 et
1422 3041 1509 3096 totius

469 3121 603 3192 “gentis
631 3129 738 3178 nostras
767 3122 930 3193 Anglorum
957 3122 1114 3193 pernicicm
1133 3121 1373 3194 conjuraverunt3
1400 3125 1510 3180 miseri·

469 3208 487 3233 ‘⁴
507 3206 678 3261 sordissima
697 3206 770 3277 Ejus
790 3206 945 3260 clementio
964 3207 1014 3276 qui
1035 3207 1129 3260 ventis
1151 3207 1274 3261 otmari
1293 3208 1429 3278 imperat,
1455 3225 1509 3263 nou

469 3292 488 3317 “
506 3291 613 3347 nostris
634 3291 757 3354 meritis,
787 3289 1016 3345 ¹obtinuerimus
1036 3289 1072 3343 de
1090 3296 1238 3345 tantorum
1256 3290 1388 3346 hostium
1412 3292 1508 3347 multi·

468 3375 487 3400 “
506 3374 607 3428 urdine
618 3391 773 3428 numerosa
783 3374 935 3429 victoriam
956 3379 986 3427 et
1002 3373 1191 3444 triumphum.
1230 3373 1293 3441 Quo
1304 3381 1432 3444 peracto,
1446 3392 1509 3430 cnm

469 3459 487 3483 ‘⁶
506 3457 671 3527 praegrandi
701 3457 838 3519 exercitu,
872 3474 924 3527 pro
947 3457 1060 3527 jurium
1085 3465 1250 3511 nostrorum
1281 3461 1506 3529 recuperatione,

469 3541 487 3565 “
507 3541 610 3594 exindo
623 3540 851 3611 progredientes,
864 3540 1060 3593 casuametati
1074 3559 1175 3595 sumus
1188 3559 1277 3610 propo
1295 3543 1446 3597 civitatem
1455 3544 1508 3596 fcr-

469 3626 487 3650 “
507 3625 649 3678 tissimum
662 3626 881 3687 Tornaoensem,
896 3624 926 3677 in
938 3624 1022 3694 cujus
1035 3623 1183 3678 obsidione
1203 3625 1383 3694 aliquamdiu
1398 3628 1508 3697 jugiter

469 3709 486 3732 ‘⁶
507 3709 646 3778 occupati,
668 3714 698 3762 et
719 3709 893 3763 continuatis
921 3709 1053 3778 expensis
1075 3715 1105 3762 ct
1125 3709 1272 3764 laboribus
1291 3711 1417 3781 fatigati,
1438 3729 1507 3783 prae·

469 3792 487 3816 ‘⁴
507 3791 644 3846 stolantcs
658 3793 687 3845 in
708 3793 823 3846 silentio
835 3793 1010 3863 promissum
1023 3794 1106 3847 uobis
1119 3795 1305 3864 adjutorium,
1322 3797 1507 3865 sperabamus

468 3876 487 3900 “
505 3875 599 3928 indies
627 3876 787 3929 ministerio
818 3876 888 3930 dicti
916 3877 1137 3947 Arohiepisoopi
1169 3879 1198 3930 iu
1228 3883 1272 3932 tot
1301 3885 1331 3932 et
1361 3880 1393 3934 in
1422 3881 1507 3935 tantis

468 3961 486 3986 ‘⁸
505 3959 612 4012 nostris
632 3959 852 4029 necessitatibus
872 3960 1013 4024 relevori;
1034 3960 1210 4031 tandemspe
1224 3969 1363 4033 concepta
1381 3964 1506 4026 frustati,

468 4044 486 4068 ‘⁴
506 4042 575 4096 lieet
602 4059 654 4111 per
681 4042 780 4112 plures
805 4044 926 4097 nuncios
956 4050 986 4097 ct
1014 4043 1144 4098 diversas
1171 4045 1284 4099 litteras
1309 4047 1394 4115 plene
1419 4048 1507 4118 sigui·

467 4130 486 4154 “
505 4127 688 4181 ficaverimus
707 4128 828 4197 praefato
847 4127 1083 4199 Archiepisocpc,
1107 4136 1137 4182 et
1157 4128 1222 4182 aliis
1242 4130 1418 4185 consiliariis
1446 4149 1506 4186 nos·

467 4214 485 4237 ‘⁶
505 4212 559 4265 tris
581 4211 636 4266 sibi
657 4210 881 4273 adhaerentibus,
903 4218 1017 4266 nostras
1032 4212 1207 4280 indigentias
1228 4219 1262 4266 ot
1277 4214 1410 4283 pericula
1429 4216 1508 4270 varia

466 4297 485 4321 “
505 4295 610 4365 quibus
631 4295 752 4365 expositi
776 4295 916 4348 fuerimus
936 4302 1054 4366 propter
1075 4295 1220 4349 defectum
1239 4297 1375 4365 promissi
1388 4297 1508 4353 subsidii

466 4380 484 4405 “
504 4379 665 4444 memorati,
686 4378 843 4433 utilitatem
864 4379 982 4449 insuper
1002 4384 1031 4432 et
1052 4379 1189 4432 honorem
1209 4397 1281 4450 quos
1306 4398 1342 4435 ex
1370 4399 1507 4438 succursu

466 4464 485 4486 “
505 4464 634 4531 pecuniae
655 4463 896 4533 ’conscripsimus
918 4481 970 4517 uos
992 4480 1076 4533 posse
1101 4463 1227 4517 faciliter
1265 4464 1412 4532 obtinere;
1448 4466 1507 4520 nul·

467 4548 484 4569 ‘⁶
505 4545 566 4597 lum
592 4547 745 4600 tamenab
766 4548 808 4599 eis
837 4547 1064 4600 emolumentum
1090 4547 1220 4617 recipcre
1251 4551 1410 4618 potuimus,
1442 4551 1507 4621 quia

466 4628 484 4653 ‘⁶
504 4645 566 4692 sua,
595 4647 653 4684 non
678 4636 786 4695 nostra,
815 4632 933 4700 negotia
962 4637 1105 4695 curantes,
1139 4640 1169 4686 ct
1208 4635 1358 4690 commoda
1393 4636 1508 4706 propria

496 4931 623 4995 ‘prelati
673 4952 793 4998 proceres.
837 4939 962 5001 coluique
1040 4939 1212 5003 'obsistimus
1223 4943 1295 4993 Harl.
1309 4950 1365 4996 655.

459 5008 555 5073 fideles,
568 5012 640 5061 Harl.
653 5017 708 5062 655,
1041 5023 1050 5048 “
1061 5023 1235 5085 conspuimus,
1246 5022 1319 5074 Harl.
1333 5030 1389 5076 655.
