3750 6250
674 1133 837 1187 success
851 1133 1059 1187 menceus
1325 1124 1391 1191 363

203 1321 237 1372 ζε,
250 1322 319 1374 Bitl
351 1309 369 1334 “
387 1323 444 1362 uon
463 1306 550 1363 debet
567 1308 795 1380 suppositionem
814 1309 896 1381 lapso
914 1310 952 1366 de
974 1308 1108 1381 possibili
1125 1314 1207 1366 tanta
1227 1310 1561 1376 obstinatia‚A,D.137s

203 1405 244 1466 eg·
261 1395 292 1439 13
350 1392 461 1461 “quin
484 1392 627 1447 medelam
651 1393 809 1464 superioris
840 1394 896 1457 sui,
923 1394 1019 1464 quoad
1049 1393 1154 1460 Deum,
1167 1394 1319 1451 humiliter
1346 1412 1392 1451 ac·

203 1492 209 1505 ·
223 1470 262 1505 ¹¹*
350 1477 369 1502 ‘⁴
384 1474 529 1545 ceptabit3
543 1475 621 1531 unde
633 1475 807 1547 ¹practicam
819 1477 904 1537 istius
917 1476 1118 1534 conclusionis
1130 1477 1230 1534 multe
1243 1477 1394 1534 Ghronicm

350 1560 368 1586 ‘⁶
386 1564 569 1615 attestantur.
629 1559 717 1615 Absit
749 1560 785 1615 ab
820 1559 954 1617 Ecclesia
985 1560 1095 1617 Christi
1127 1561 1205 1632 quod
1240 1561 1393 1617 damnetur

350 1644 369 1669 ‘⁴
385 1642 504 1706 veritas,
519 1643 589 1715 quia
604 1644 680 1699 mole
693 1650 776 1700 sonat
791 1646 991 1715 peccatoribus
1011 1645 1060 1700 vel
1079 1645 1210 1717 ignaris3
1233 1646 1303 1717 quia
1322 1651 1393 1702 tunc

350 1728 368 1752 ‘⁴
387 1732 449 1782 tota
465 1726 538 1783 fides
560 1726 719 1799 Scriptura
740 1728 816 1784 foret
838 1727 1040 1784 damnabilis.''

382 1810 448 1865 Hoc
464 1810 565 1866 eodem
582 1811 668 1865 modo
686 1812 763 1866 idern
776 1812 941 1883 versipellis
957 1812 977 1866 J
978 1812 1104 1867 ohannes
1116 1811 1248 1884 Wyclyff
1261 1796 1393 1886 ponendo
1406 1813 1513 1879 Regrets
1524 1820 1555 1868 os

348 1894 528 1950 intellectum
551 1896 582 1950 in
612 1896 674 1951 suis
703 1896 835 1952 nefandis
854 1897 1116 1969 Propositionibus,
1143 1904 1177 1953 ut
1199 1897 1311 1954 dictum
1335 1904 1390 1961 est,
1406 1880 1548 1976 deerret,

348 1980 446 2033 farore
466 1985 496 2034 et
519 1979 673 2049 diligentia
692 1980 945 2046 londoniensium,
966 1980 1074 2036 delusit
1086 1999 1153 2036 suos
1172 1982 1391 2045 examinatores,
1405 1948 1540 2062 {twychs
1548 1971 1561 2004 ⁸

348 2062 507 2133 Episcopus
527 2063 639 2127 derisit,
661 2069 691 2119 et
710 2064 812 2120 eveeit.
851 2063 922 2133 Quae
942 2081 1051 2129 omnes,
1073 2065 1098 2118 ei
1118 2064 1291 2136 simpliciter
1310 2082 1393 2136 cepe·

347 2150 448 2200 rentur
468 2147 627 2201 secundum
652 2146 770 2202 modum
800 2165 857 2218 quc
887 2148 951 2218 ipse
974 2148 1006 2203 in
1029 2148 1136 2203 scholis
1160 2155 1190 2204 et
1213 2150 1244 2204 in
1267 2148 1392 2220 publicis

347 2230 600 2299 praedicationibus
624 2248 673 2285 eas
697 2231 828 2302 protulit,
859 2232 1027 2287 hoereticum
1056 2232 1247 2303 proculdubio
1277 2231 1394 2304 sepiunt

347 2314 529 2384 pravitatem.
560 2313 628 2369 Non
640 2315 717 2369 enim
729 2315 1015 2371 circumlocutionem
1027 2315 1155 2386 aliquam
1168 2316 1210 2370 eis
1223 2317 1391 2379 immiscuit,

348 2397 461 2466 quando
485 2413 534 2451 eas
558 2397 699 2453 leiccrum
722 2399 841 2457 auribus
865 2399 1029 2464 instillavit,
1055 2398 1107 2455 sed
1130 2399 1207 2453 nude
1230 2406 1261 2453 et
1283 2405 1391 2470 aperte,

239 2515 247 2528 ·
347 2487 381 2536 ut
397 2481 635 2552 praescribuntur,
659 2499 708 2536 eas
729 2481 844 2547 docuit;
871 2489 990 2554 captans
1010 2500 1063 2557 per
1080 2481 1152 2538 talia
1169 2482 1295 2552 gratiam
1307 2483 1394 2538 laico-

347 2583 422 2627 rum,
446 2564 496 2635 qui
515 2564 639 2620 libenter
661 2565 783 2622 audiunt
801 2584 866 2637 quae
885 2584 1023 2638 perverse
1042 2576 1118 2631 sunt,
1140 2566 1285 2637 praecipue
1297 2571 1394 2621 tumen

347 2648 382 2702 de
402 2648 534 2702 Ecclesia
553 2657 583 2704 et
603 2651 734 2720 personis
754 2649 975 2714 ecclesiasticis;
997 2657 1027 2706 et
1045 2650 1184 2705 libentius
1205 2649 1394 2721 impelluntur

347 2731 383 2786 ad
395 2732 500 2787 damna
510 2733 559 2787 vel
571 2733 694 2804 injurias
708 2734 858 2789 inferenda
871 2734 1017 2804 religiosis
1036 2741 1066 2790 et
1078 2734 1202 2797 clericis,
1217 2752 1284 2788 cum
1295 2734 1395 2805 alique

346 2816 545 2887 opportunitas
570 2834 602 2870 se
625 2817 783 2887 ingesserit
806 2834 871 2889 quar
895 2817 1010 2872 omuino
1034 2823 1113 2872 extat
1132 2817 1174 2871 eis
1193 2817 1394 2875 desiderabilis

347 2906 376 2954 et
394 2899 501 2955 votiva.

382 2982 523 3054 Idemque
550 2990 726 3040 memoratus
752 2983 913 3055 hypocrita,
933 3000 1000 3038 cum
1018 2983 1054 3037 ab
1080 2983 1232 3054 Episcopis
1258 2984 1394 3040 mandata
1405 2995 1467 3045 Neu

347 3068 480 3139 cepisset,
494 3083 530 3122 ne
542 3066 666 3122 ulterius
681 3067 711 3121 in
724 3067 831 3125 scholis
851 3084 903 3123 seu
916 3066 1107 3132 sermonibus,
1121 3073 1239 3139 propter
1251 3067 1392 3121 laicorum
1406 3061 1513 3140 Conclu-

347 3151 524 3217 scendolum,
542 3151 615 3207 tales
636 3147 851 3223 Proposiciones
870 3153 1078 3223 frequentaret,
1100 3156 1198 3222 spreto
1218 3151 1264 3206 sui
1283 3152 1391 3206 Metro·
1406 3145 1474 3180 ⁸¹⁰¹¹⁸
1486 3147 1542 3196 Pffl'

347 3237 468 3308 politani
493 3243 648 3308 precepto,
669 3237 831 3293 obstinatus
856 3243 886 3292 et
909 3235 1086 3300 inobediens,
1112 3234 1184 3290 elias
1208 3252 1298 3291 novae
1318 3235 1392 3290 Gon·
1405 3201 1551 3330 ffiudffiffl

346 3320 490 3376 clusiones
508 3336 614 3391 ponere
633 3337 690 3376 uon
709 3321 817 3387 omisit,
830 3320 902 3376 odeo
920 3319 996 3374 male
1011 3318 1059 3374 rel
1071 3317 1155 3389 pejus
1175 3336 1263 3389 quam
1281 3319 1392 3390 priores

346 3410 490 3468 sonantes,
505 3410 539 3459 ut
555 3410 689 3476 patet:-

382 3489 407 3542 1.
429 3490 448 3514 ‘⁴
459 3487 629 3542 Dominium
647 3485 733 3541 civile
752 3484 843 3558 ¹[est]
863 3485 1023 3542 dominium
1042 3485 1277 3558 proprietarium,
1296 3494 1393 3542 ectum

348 3574 367 3599 “
386 3572 507 3627 viatoris
525 3588 613 3643 super
630 3570 714 3625 bonis
732 3571 816 3641 plene
835 3570 994 3626 secundum
1012 3571 1093 3640 leges
1112 3570 1261 3625 humanas.

381 3655 407 3709 2.
430 3655 526 3710 “Non
544 3661 602 3710 stet
619 3671 692 3726 pure
710 3654 851 3710 clericum
868 3655 979 3725 absque
999 3654 1116 3710 mortali
1136 3662 1254 3726 peccato
1266 3654 1394 3711 civiliter

348 3743 367 3767 “
386 3740 529 3795 dominari
539 3762 547 3805 3
559 3739 644 3795 ”—et
655 3738 798 3809 intelligit
808 3756 861 3811 per
875 3741 894 3766 “
903 3756 977 3810 pure
989 3738 1142 3803 clericos,''
1156 3739 1276 3812 Papam,
1292 3739 1392 3796 Cardi-

347 3823 436 3887 nales,
457 3823 626 3896 Episcopos,
647 3822 800 3885 Diaconos,
821 3828 851 3877 et
869 3823 941 3877 alios
961 3822 1134 3878 sacerdotes.

381 3908 407 3961 3.
430 3907 538 3977 “Papa
561 3925 618 3960 non
647 3911 743 3977 potest
773 3906 942 3977 dispensare
972 3913 1073 3962 contra
1101 3905 1285 3978 Apostolum,
1317 3907 1394 3962 sicut

348 3993 367 4018 “
386 4009 439 4047 nec
460 4009 526 4046 cum
542 3989 660 4063 ⁸[pure]
682 3990 797 4055 clerico,
820 3997 854 4046 ut
874 3990 981 4046 habeat
999 3990 1127 4045 civiliter
1143 3992 1303 4063 proprium.

380 4076 406 4129 4.
429 4078 448 4102 ‘¹
458 4075 627 4130 Domiuium
640 4074 735 4139 civile,
756 4073 917 4130 formaliter
935 4074 1055 4141 dictum,
1071 4076 1148 4146 sapit
1159 4075 1393 4147 inseparabiliter

347 4162 366 4186 “
385 4166 544 4231 peccatum.

380 4243 406 4298 5.
429 4242 550 4298 “Actirs
569 4242 666 4299 civilis
685 4248 730 4297 est
749 4248 830 4298 actus
850 4242 1000 4298 rationalis
1019 4249 1169 4308 creaturas,
1184 4244 1278 4298 factus
1290 4259 1389 4297 secun·

348 4329 366 4353 “
387 4327 459 4381 dum
471 4326 568 4398 legem
580 4327 745 4380 humanam.

381 4411 406 4464 6.
429 4410 541 4466 “Siout
559 4410 640 4465 Deus
659 4427 716 4465 non
736 4415 832 4482 potest
852 4425 987 4465 exercere
1008 4416 1090 4465 actus
1110 4409 1220 4471 civiles,
1241 4425 1294 4462 neo
1306 4409 1391 4465 homo

347 4499 365 4521 ‘⁴
386 4495 416 4549 in
428 4502 506 4551 stetu
525 4494 707 4560 innocentiae,
727 4494 770 4550 sic
786 4493 925 4550 illicitum
943 4500 988 4550 est
1007 4495 1094 4550 alicui
1107 4511 1179 4564 pure
1191 4493 1297 4549 clerico
1309 4499 1390 4550 actus

347 4582 366 4605 “
386 4579 487 4635 civiles
506 4579 636 4649 ‘aliquos
655 4595 798 4634 exercere.

379 4663 407 4716 7.
429 4661 656 4735 “Quodcunque
680 4662 839 4732 collegium
863 4660 1038 4716 elericorum
1065 4660 1142 4732 quod
1166 4659 1296 4731 adquirit
1316 4663 1390 4719 bona

380 4921 386 4948 ¹
395 4918 548 4985 proctieain
560 4918 602 4968 the
614 4917 713 4981 printed
723 4924 797 4967 texts.
926 4914 1140 4978 ’Suppliednom
1152 4915 1221 4967 Bibl
1234 4917 1298 4983 Reg.
1315 4924 1345 4968 ts
1357 4919 1387 4969 ll.

378 5000 388 5027 ²
400 4997 520 5062 Sopplied
531 4996 595 5046 from
605 4995 673 5045 Bibl.
684 4995 748 5059 Reg.
762 4999 792 5044 18
811 4993 839 5043 Ε.
892 4993 939 5043 ix.:
953 4993 1057 5044 omitted
1068 4994 1095 5043 in
1104 4995 1147 5045 the
1163 4997 1265 5060 printed
1275 5005 1348 5049 texts.

347 5077 398 5128 in:
417 5076 521 5128 omitted
537 5075 619 5128 inthe
629 5074 728 5139 printed
735 5079 807 5125 texts
924 5072 1057 5126 ‘Omitted
1067 5073 1145 5126 inthe
1155 5074 1253 5138 printed
1264 5082 1337 5128 texts
