3750 6250
670 1110 834 1161 mercum
855 1110 1061 1163 sucurrere.
1329 1104 1388 1167 46]

199 1300 236 1352 1s,
247 1301 315 1353 mbr,
351 1286 369 1311 ‘⁸
389 1284 453 1350 filii,
474 1284 617 1357 quidest,
638 1287 715 1358 quod
734 1287 895 1359 proponitis
919 1286 1036 1344 facere?
1072 1286 1156 1357 Quod
1175 1292 1221 1343 est
1242 1294 1393 1359 peccatum
1406 1299 1561 1355 A,D,1381,

200 1383 243 1431 cg.
258 1374 288 1419 1³
350 1372 368 1395 “
388 1387 486 1425 meum
510 1371 588 1441 quod
606 1371 637 1425 in
660 1390 713 1427 vos
736 1371 877 1437 commisi,
901 1376 1021 1443 propter
1044 1373 1123 1444 quod
1141 1390 1189 1427 me
1212 1373 1303 1428 vultis
1321 1372 1394 1427 occi·
1407 1390 1524 1446 expostu-

199 1437 209 1483 t
220 1434 258 1486 ix.

350 1456 369 1480 “
388 1452 479 1509 dere?
515 1454 685 1511 Cavendum
703 1456 784 1511 vobis
804 1462 858 1519 est,
883 1473 930 1520 ue,
950 1474 997 1511 me
1022 1457 1185 1523 interfecto,
1211 1458 1262 1528 qui
1283 1462 1392 1528 pastor,
1407 1447 1469 1527 lates
1480 1450 1543 1500 nith

350 1540 368 1563 ‘¹
387 1538 536 1609 praelatus,
562 1544 592 1593 et
615 1539 870 1611 Archicpiscopus‚
890 1546 989 1595 vester
1007 1560 1082 1606 sum,
1108 1542 1207 1597 veniat
1230 1559 1318 1613 super
1341 1559 1393 1597 vos
1406 1514 1542 1646 ggmm‘

349 1623 368 1651 “
387 1621 550 1691 indignatio
563 1623 639 1694 justi
656 1623 789 1687 vindicis,
814 1623 863 1678 vel
886 1630 965 1679 certe
988 1643 1042 1697 pro
1065 1626 1118 1682 tali
1141 1626 1217 1681 facto
1241 1631 1304 1681 tota
1326 1645 1393 1699 sup·
1479 1621 1485 1634 '

349 1707 368 1736 “
387 1711 511 1777 ponatur
527 1706 638 1777 Anglia
655 1707 845 1763 Interdicto.”

381 1789 441 1845 Vix
463 1790 525 1845 hoec
548 1790 639 1847 verba
661 1790 745 1845 finire
773 1792 877 1863 potuit,
909 1798 1065 1863 autequam
1092 1792 1242 1849 horrisono
1266 1794 1392 1849 clamore
1405 1800 1550 1855 lleisthen

345 1880 570 1946 perstreperent,
592 1893 623 1931 se
640 1893 695 1932 uec
718 1875 911 1932 Interdictum
928 1878 1041 1940 timere,
1066 1894 1119 1932 nec
1143 1877 1271 1949 Papem3
1298 1879 1392 1934 solum
1405 1870 1500 1935 efflent

345 1975 497 2029 superesse
515 1958 572 2013 sibi
589 1963 625 2014 ut
641 1959 748 2014 collum
762 1959 923 2025 submittat,
944 1960 994 2032 qui
1010 1960 1102 2015 falsus
1121 1962 1216 2017 fuerat
1233 1963 1392 2018 communi·
1403 1938 1528 2051 mappae,

345 2044 400 2098 tati
423 2048 454 2098 et
476 2043 561 2113 regni
589 2043 727 2115 proditor,
753 2044 860 2115 gladiis
884 2045 1102 2117 amputandum.
1140 2046 1268 2102 Cernens
1294 2054 1391 2102 autem
1403 2018 1507 2121 {fiadefp'

345 2127 590 2198 Arehiepiseopus
609 2128 665 2182 sibi
683 2135 806 2183 mortem
825 2128 1019 2184 indubitatam
1038 2130 1200 2195 imminere,
1220 2148 1273 2186 nec
1291 2150 1391 2202 super-

346 2230 411 2266 esse
428 2212 506 2268 viam
527 2211 677 2275 evadendi,
699 2217 766 2284 post
785 2212 871 2285 plura
895 2213 951 2284 piae
976 2214 1183 2270 exhortationis
1208 2214 1389 2280 documenta,

346 2302 412 2367 post
430 2296 587 2367 praedicatu
603 2295 693 2351 verba
710 2296 858 2361 salutaria,
878 2304 912 2353 ut
929 2303 993 2352 erat
1010 2298 1056 2352 vir
1077 2298 1342 2369 eloquentissimus,
1362 2308 1392 2356 et

345 2379 609 2451 incomparabiliter
620 2379 699 2435 ultra
713 2398 811 2435 omnes
823 2381 908 2452 regni
921 2382 1066 2452 sapientes
1083 2384 1206 2454 sapione,
1222 2385 1389 2449 novissime,

343 2470 411 2535 post
427 2464 579 2518 remissam
598 2464 767 2535 spiculatori
786 2466 837 2536 qui
855 2484 922 2520 eum
941 2465 1137 2522 decollatnmrs
1158 2474 1230 2533 crat,
1251 2475 1391 2540 quantum

343 2550 374 2603 in
392 2548 455 2619 ipso
473 2547 538 2612 suit,
558 2547 695 2602 offensam
713 2549 792 2603 necis
812 2568 881 2614 ause,
896 2554 930 2604 ut
945 2549 1030 2621 plene
1042 2551 1191 2606 videretur
1211 2553 1390 2608 Salvatorern

343 2631 492 2687 moriendo
523 2632 616 2703 sequi,
648 2631 721 2703 ¹qui
753 2633 872 2688 Patrem
901 2652 955 2705 pro
984 2635 1220 2707 persecutoribus
1250 2639 1389 2702 exoravit,

343 2716 424 2771 flexis
453 2716 577 2786 genibus
607 2715 715 2770 collum
739 2716 854 2772 ferienti
884 2719 1046 2789 supposuit.
1082 2720 1243 2774 Percussus
1266 2738 1337 2775 vero
1361 2723 1390 2777 in

342 2800 417 2854 collo
445 2800 550 2863 securi,
582 2799 634 2854 sed
662 2817 720 2855 non
750 2799 886 2864 letaliter,
918 2802 1052 2872 apposita
1081 2820 1169 2857 mann
1192 2804 1317 2868 vulneri,
1349 2806 1391 2860 itu

342 2883 416 2939 dixit
428 2882 585 2949 ;—“²Ah!
605 2883 661 2939 ab!
676 2883 693 2906 ”
716 2884 821 2955 inquit,
850 2888 867 2911 “
881 2901 985 2939 manus
1005 2885 1123 2940 Domini
1142 2887 1216 2942 est.'’
1253 2889 1390 2943 Nondum

341 2986 459 3022 manum
478 2967 595 3023 deloco
614 2967 723 3021 doloris
747 2974 904 3031 amoverat,
925 2973 956 3022 et
973 2969 1100 3023 secundo
1121 2988 1288 3041 percussus,
1312 2992 1389 3027 sum·

341 3052 492 3107 mitatibus
516 3051 676 3121 digitorum
701 3051 867 3123 amputatis,
894 3058 924 3107 et
947 3053 1121 3108 arteriarum
1145 3061 1237 3125 parte,
1264 3057 1388 3121 cecidit;

340 3137 393 3191 sed
404 3136 532 3191 nondum
544 3137 692 3199 occubuit,
713 3136 804 3191 donec
817 3143 918 3192 octavo
935 3137 997 3192 ictu
1014 3138 1221 3193 miserabiliter
1236 3141 1389 3210 mutilatus

339 3220 370 3275 in
394 3220 470 3276 collo
491 3226 522 3274 et
544 3220 700 3292 incapite,
723 3219 854 3291 dignum,
877 3226 911 3276 ut
931 3221 1087 3286 credimus,
1113 3224 1287 3295 martyrium
1312 3244 1388 3281 com-

339 3304 488 3375 plevisset.
514 3303 615 3360 Jacuit
632 3304 740 3359 ibidem
764 3322 869 3377 corpus
887 3305 951 3376 ejus
977 3307 1159 3362 inhumatum
1179 3314 1240 3364 toto
1264 3309 1315 3365 illo
1340 3312 1548 3382 dieIndiguities

339 3388 473 3452 Veneris,
502 3388 533 3444 in
561 3407 618 3460 quo
648 3389 706 3444 luit
736 3389 844 3445 sestam
872 3389 971 3445 Sancti
1002 3390 1115 3454 Basilii,
1141 3393 1225 3448 etin
1249 3385 1530 3467 crastno‚,⁰fferedto

339 3473 453 3528 nemine
471 3473 546 3527 illud
570 3473 693 3528 audente
711 3474 826 3528 tradere
851 3474 1018 3545 sepulturae,
1038 3481 1157 3547 propter
1180 3483 1291 3533 metum
1315 3450 1526 3534 imthebody.

338 3556 485 3611 tionabilis
515 3556 598 3627 vulgi
621 3556 750 3627 undique
775 3557 988 3613 debacchantis.
1038 3559 1197 3615 Percussor
1227 3563 1290 3633 ojus
1320 3581 1387 3619 mox
1400 3578 1519 3630 nim.

338 3640 467 3695 divinam
482 3642 573 3696 sensit
586 3640 736 3705 ultionem,
756 3641 787 3696 in
805 3642 912 3696 surium
929 3648 1012 3697 actus
1028 3649 1057 3698 et
1073 3645 1203 3700 caecitate
1218 3664 1384 3717 percussus.
1399 3648 1513 3696 cutioner

338 3724 462 3793 Quidam
480 3725 569 3780 etiam
593 3742 629 3778 ex
646 3725 824 3779 rusticorum
841 3725 936 3788 turba,
963 3726 1120 3797 instigatus
1144 3730 1277 3795 avaritia,
1302 3739 1385 3788 nocte
1398 3711 1554 3792 lsslwflllllh

338 3816 476 3880 sequente
501 3809 565 3879 ejus
589 3808 818 3873 decollationem,
849 3809 975 3866 latenter
1005 3812 1128 3867 accessit
1151 3813 1188 3868 ad
1212 3832 1327 3887 corpus,
1352 3789 1540 3897 utffiffiynd,

337 3893 485 3957 annulum,
506 3894 556 3965 qui
578 3893 609 3947 in
631 3893 726 3964 digito
750 3894 814 3965 ejus
839 3894 944 3959 suerat,
971 3896 1078 3951 furtive
1103 3896 1277 3954 detraheret.
1396 3927 1459 3962 nm,

372 3977 496 4047 Quidam
514 3978 643 4049 insuper,
664 3996 681 4032 a
698 3977 800 4033 multis
819 3979 901 4034 annis
920 3997 1025 4043 coecus,
1046 3999 1133 4051 quem
1151 3982 1229 4037 idem
1248 3983 1383 4038 Pontifex
1396 3989 1514 4043 Mirantes

336 4062 388 4117 diu
399 4079 435 4116 er
447 4061 630 4132 eleemosyna
648 4081 701 4117 sua
713 4068 935 4127 sustentaverat,
950 4064 1051 4120 audita
1062 4072 1155 4121 morte
1168 4065 1231 4136 ejus
1244 4074 1274 4121 et
1286 4085 1381 4132 causa,
1397 4057 1494 4121 alleged
1503 4067 1529 4109 to

336 4146 511 4201 fiducialiter
531 4146 617 4217 petiit
638 4163 655 4200 a
673 4146 735 4201 Deo
758 4165 811 4218 per
835 4147 899 4218 ejus
923 4148 1029 4203 merita
1053 4149 1108 4204 sibi
1139 4151 1235 4205 visum
1256 4151 1381 4216 restitui,
1395 4124 1534 4257 ffigbfffn

336 4243 366 4289 et
383 4235 479 4290 visum
502 4234 623 4305 recepit.
661 4233 698 4289 Iu
716 4235 867 4306 sepultura
885 4254 947 4299 sua,
974 4236 1093 4307 quidam
1111 4238 1147 4292 de
1169 4238 1304 4302 Doveria,
1331 4240 1553 4322 quithroughffig

332 4319 395 4389 jam
413 4319 485 4374 duos
510 4336 600 4372 annos
625 4317 655 4373 iu
678 4319 808 4374 cecitate
833 4319 997 4383 transierat,
1022 4339 1075 4391 per
1098 4321 1194 4376 visum
1219 4321 1382 4379 admonitus
1396 4324 1489 4375 merits.

336 4404 373 4457 ad
391 4420 495 4474 corpus
514 4403 603 4467 venit,
623 4409 653 4458 et
671 4420 705 4457 ca
722 4408 806 4458 nocte
830 4404 929 4457 lamen
954 4403 1009 4459 sibi
1030 4404 1176 4460 redditum
1194 4405 1256 4460 fore
1275 4409 1383 4476 goude-

336 4488 395 4542 bat.
432 4486 543 4541 Mulier
559 4486 702 4558 quiedam,
723 4505 788 4558 quae
807 4487 992 4558 impregnata
1009 4488 1106 4543 fuerat
1124 4495 1154 4544 et
1178 4508 1280 4560 parere
1302 4493 1384 4547 nullo

336 4571 422 4627 modo
439 4575 561 4643 poterat,
581 4571 727 4642 postulato
746 4571 809 4642 ejus
828 4571 945 4634 auxilio,
971 4571 1072 4626 eodem
1091 4571 1139 4626 dic
1160 4573 1321 4631 deliberata
1338 4585 1384 4632 est

337 4657 372 4712 de
391 4656 485 4711 tribus
503 4655 641 4710 masculis
662 4655 802 4726 puerulis,
828 4655 880 4726 qui
904 4672 1004 4709 omnes
1027 4656 1166 4727 baptizati
1191 4665 1267 4714 sunt.
1304 4660 1382 4715 Mul-

336 4749 423 4814 taque
441 4740 648 4796 miraculorum
666 4740 751 4810 sigua
768 4739 826 4794 alia
843 4745 910 4811 post
933 4739 997 4810 ojus
1016 4748 1137 4796 mortem
1156 4741 1296 4799 divinitus
1314 4753 1382 4802 sunt

371 4969 378 4999 ¹
389 4969 434 5032 qui
443 4966 549 5017 omitted
557 4967 584 5016 in
593 4967 636 5018 the
647 4967 748 5030 printed
759 4974 834 5017 texts.
883 4965 912 5016 ll.
925 4965 960 5017 ix.
973 4987 980 5016 :
998 4965 1048 5026 Ala,
1060 4965 1101 5026 cl,
1110 4967 1137 5018 iu
1147 4969 1189 5019 the
1197 4970 1296 5035 printed
1304 4980 1379 5024 texts.

369 5048 414 5100 2Α
427 5064 444 5098 a
456 5047 484 5101 in
495 5047 559 5115 orig.
571 5048 621 5096 eud
639 5046 707 5096 Bibl.
725 5046 789 5111 Reg.
804 5051 834 5097 13
