3750 6250
754 1135 918 1188 ursmau
938 1134 1145 1189 anomocus
1415 1129 1481 1193 46³

308 1332 398 1384 .Bibl.
429 1324 535 1380 diutini
553 1323 671 1388 laboris,
685 1323 884 1379 afficiebantur
902 1324 1113 1394 quodammodo
1126 1326 1134 1358 ¹
1146 1324 1317 1398 [domibus]
1331 1327 1478 1394 uxoribus,
1493 1343 1560 1393 AJ),
1576 1351 1648 1398 1831.

306 1418 322 1465 t·
338 1406 369 1451 ¹³
430 1415 460 1464 et
471 1409 582 1473 liberis,
596 1407 768 1464 revisendis.
807 1408 1089 1464 Statuerrmttamen
1108 1411 1249 1481 quosdam
1268 1431 1302 1466 ex
1320 1414 1403 1483 ipsis,
1418 1415 1478 1484 qui,
1491 1411 1634 1478 thepeople

307 1484 338 1519 Χ.

429 1493 509 1548 ²illis
528 1493 741 1557 recedentibus
756 1499 948 1559 remanerent,
963 1512 1017 1566 pro
1036 1495 1144 1549 chartae
1165 1496 1255 1566 regiae
1273 1497 1477 1567 adquisitione.
1493 1478 1620 1541 ⁰fR⁸⁸⁶¹2

429 1578 610 1651 Factumque
636 1584 683 1635 est
707 1584 749 1645 ut,
775 1578 988 1647 recedentibus,
1015 1587 1199 1637 remanerent
1222 1581 1397 1650 Kentenses,
1420 1546 1613 1661 totapptqrtpey

428 1670 512 1722 noete
532 1671 682 1737 sequente.
1494 1679 1574 1730 home,

494 1836 537 1903 Ut
559 1832 698 1902 Raetici
721 1834 964 1921 disposuerant
986 1835 1185 1902 Londonias
1207 1859 1435 1907 carteremoeac.

465 1960 618 2016 Crastinus
637 1960 700 2015 dies
720 1960 886 2025 advenerat,
909 1978 974 2031 quta
998 1961 1056 2016 luit
1073 1962 1135 2017 (lies
1162 1962 1290 2030 Sabbati,
1310 1966 1373 2021 dies
1394 1967 1479 2023 Sane·
1494 2004 1535 2054 Th
1561 2006 1586 2055 K
1620 2017 1630 2057 t

429 2051 527 2102 torum
545 2045 609 2101 Viti
638 2052 668 2101 et
693 2043 830 2107 Modesti,
854 2044 1106 2114 septimo-decimo
1125 2046 1275 2102 Kalendas
1296 2048 1380 2115 Julii,
1405 2052 1481 2107 infra
1493 2022 1641 2124 intimiori--

430 2130 554 2186 Octavas
582 2131 649 2185 lasti
671 2129 808 2201 Corporis
824 2128 944 2193 Christi,
974 2135 1004 2183 et
1021 2129 1105 2184 ecce!
1132 2131 1296 2188 Kentenses
1315 2152 1388 2205 pene
1406 2136 1481 2190 nihil
1493 2142 1630 2202 gennadii

430 2216 581 2270 remissius
606 2221 731 2285 egerunt
755 2214 785 2268 in
809 2214 944 2268 omnibus
975 2213 1124 2269 sceleratis
1149 2216 1294 2286 operibus,
1321 2237 1409 2289 quam
1433 2221 1480 2274 die
1494 2208 1618 2321 Pffssissllss

430 2301 559 2355 fecerant
576 2299 777 2371 praecedente3
804 2297 857 2353 sed
874 2298 1018 2353 mortibus
1036 2299 1195 2363 hominurn,
1216 2301 1368 2357 domorum
1387 2304 1481 2375 dejec-
1493 2280 1614 2391 {ggroeex'

429 2385 567 2449 tionibus,
589 2390 620 2439 et
638 2383 790 2447 incendiis,
811 2389 998 2437 vacaverunt.
1046 2383 1109 2437 Rex
1133 2390 1231 2439 autem
1255 2386 1292 2440 tul
1316 2387 1480 2444 Keutenses
1575 2380 1582 2393 ⁴

429 2468 519 2532 misit,
546 2468 596 2539 qui
621 2468 794 2522 nunciarent
813 2467 906 2520 socios
927 2466 1094 2531 recessisse,
1116 2466 1151 2523 de
1173 2476 1278 2524 eoetero
1299 2472 1428 2527 victuros
1450 2475 1481 2528 in

429 2571 509 2623 paee,
535 2560 566 2608 et
583 2552 659 2607 velle
683 2552 726 2605 eis
747 2551 868 2605 eandem
888 2551 1011 2605 formam
1033 2552 1201 2618 concedere,
1223 2554 1249 2608 si
1268 2555 1310 2610 eis
1330 2564 1480 2628 acceptare

430 2636 568 2709 placeret.
618 2635 730 2691 Ductor
754 2652 826 2705 ergo
857 2652 958 2688 eorum
989 2636 1142 2700 maximus,
1174 2638 1270 2694 dictus
1304 2642 1480 2698 “Walterus
1547 2692 1553 2703 ,

431 2724 449 2747 “
468 2719 602 2784 Helicr,'’
621 2719 669 2775 vel
689 2722 708 2747 “
719 2718 856 2789 Tylere,”
876 2718 955 2787 (nam
973 2720 1044 2774 talia
1061 2723 1179 2776 nomina
1203 2724 1322 2781 sibimet
1336 2707 1603 2810 imposne-0123&

428 2813 497 2860 runt
526 2810 578 2859 ’ex
604 2803 770 2869 industria)
795 2803 842 2857 vir
867 2810 1004 2858 versutus
1031 2810 1061 2859 et
1089 2824 1196 2876 magno
1219 2827 1307 2865 sensu
1328 2813 1478 2882 praeditus,
1493 2824 1583 2887 lenter,

428 2893 453 2945 si
465 2890 617 2961 ingenium
628 2888 807 2944 decrevisset
822 2887 905 2942 bouis
930 2887 1032 2942 usibus
1057 2889 1218 2961 adaptasse,
1241 2911 1342 2964 pacem
1361 2897 1479 2967 quidem
1493 2891 1589 2942 Walter

428 2994 459 3030 aa
481 2975 555 3030 dixit
573 2973 720 3045 amplecti,
746 2972 798 3027 sed
819 2971 845 3026 si
866 2972 1047 3027 conditiones
1068 2976 1228 3029 secundum
1248 2978 1311 3048 ejus
1325 2981 1480 3037 arbitrium
1493 2958 1578 3024 Tylen

428 3060 616 3115 dictarentur.
661 3058 840 3111 Decreverat
859 3057 961 3129 utiquo
985 3056 1108 3128 Regem,
1135 3059 1285 3132 Regisqua
1306 3063 1478 3133 Consilium,

429 3146 498 3217 quia
517 3145 620 3200 fortior
643 3143 703 3197 illis
722 3160 785 3197 esso
804 3142 967 3206 videbatur,
994 3159 1087 3213 usque
1117 3144 1149 3197 in
1172 3147 1331 3202 crastiuum
1362 3152 1480 3206 cavilla·

427 3230 555 3286 tionibus
594 3228 791 3301 suspendisse,
829 3233 863 3281 ut
899 3233 983 3281 nocte
1022 3235 1162 3297 sequente
1194 3248 1279 3285 suum
1309 3250 1480 3303 perversum

427 3316 607 3388 propositum
626 3312 747 3368 liberius
771 3311 910 3382 consequi
945 3312 1098 3381 potuisset.
1149 3313 1339 3385 Cogitavcrat
1371 3321 1480 3375 etenim

428 3401 459 3455 in
479 3401 544 3472 ipsa
562 3404 656 3462 nocte,
678 3398 748 3468 quia
767 3396 864 3451 cuncti
886 3413 1055 3451 communes
1075 3415 1228 3469 pauperes,
1248 3401 1387 3459 videlieet
1398 3405 1480 3460 urbis

428 3483 652 3547 Londoniarum,
690 3482 751 3536 illis
789 3480 934 3544 favebant,
972 3480 1122 3536 civitatem
1159 3483 1346 3554 despoliasse,
1385 3490 1480 3544 occiso

427 3569 509 3640 prins
533 3567 615 3637 Rege
636 3572 667 3622 et
690 3564 849 3636 majoribus
874 3563 930 3619 sibi
955 3564 1180 3631 adhaerentibus,
1201 3575 1231 3622 et
1254 3586 1328 3635 eam,
1356 3579 1480 3643 quatuor

427 3653 499 3707 locis
518 3652 634 3722 injectis
653 3650 782 3721 ignibus,
808 3649 1012 3718 conflagrasse.
1052 3649 1110 3703 Sed
1135 3652 1186 3720 qui
1211 3655 1343 3725 superbis
1368 3658 1480 3714 resistit
1547 3714 1552 3727 ,

428 3733 517 3796 Deus,
542 3731 761 3802 humilibusque
785 3730 836 3784 dat
859 3728 995 3799 gratiam,
1027 3746 1085 3784 non
1113 3733 1249 3802 permisit
1278 3736 1342 3806 ejus
1372 3737 1478 3811 impias
1490 3714 1587 3831 ggmsslh
1599 3733 1641 3769 ²¹¹⁰

427 3816 649 3886 imaginationes
669 3821 699 3870 et
718 3814 838 3870 affectus
859 3813 896 3868 ad
916 3812 1002 3866 linem
1021 3831 1114 3883 nsque
1127 3816 1247 3886 perduci
1257 3841 1264 3884 ;
1286 3820 1338 3875 sed
1350 3824 1477 3892 gratiose
1490 3798 1629 3905 frume&

426 3909 457 3957 et
486 3902 582 3956 subito
612 3901 747 3971 iniquum
778 3898 842 3969 ejus
883 3897 1039 3951 eonsilium
1075 3898 1240 3971 dissipavit.
1291 3904 1366 3959 Cum
1398 3908 1476 3962 enim

426 3985 520 4041 ‘trina
537 3987 602 4042 viee
621 3985 729 4040 charta)
748 3984 873 4038 fuissent
890 3981 947 4035 sibi
973 3982 1154 4054 conscriptae,
1175 3987 1335 4042 secundum
1354 3991 1476 4046 formam
1489 4032 1515 4081 Π
1542 4033 1550 4081 i
1576 4034 1582 4046 .

427 4088 514 4141 quam
538 4071 569 4125 in
594 4068 783 4140 sequentibus
807 4065 1081 4131 demonstrabimus,
1114 4073 1144 4122 et
1172 4069 1254 4125 nulla
1283 4071 1401 4127 illorum
1431 4076 1475 4130 illi
1489 4049 1614 4150 ,1253

426 4155 540 4226 placere
559 4155 711 4226 potuisset,
731 4151 888 4207 novissimo
906 4150 970 4204 Rex
987 4150 1146 4208 destinavit
1165 4154 1202 4207 ad
1223 4155 1308 4209 illum
1321 4158 1476 4226 quemdam
1489 4167 1575 4216 confer
1583 4170 1645 4220 with

427 4241 525 4294 esuis
549 4239 703 4303 militibus,
730 4238 781 4308 qui
805 4235 964 4292 vocabatur
990 4235 1167 4292 “Johannes
1187 4238 1342 4303 Newton‚”
1368 4249 1402 4298 ut
1420 4263 1475 4298 non
1489 4233 1623 4300 theKing,

426 4330 486 4378 tam
516 4324 655 4379 invitaret
685 4340 773 4394 quam
804 4327 923 4391 rogaret
956 4338 1032 4387 eum,
1067 4322 1137 4392 quia
1160 4323 1296 4393 superbia
1321 4325 1384 4396 ejus
1407 4334 1477 4384 nota
1489 4303 1627 4418 &libem

426 4413 489 4462 erat
508 4408 588 4472 satis,
610 4407 686 4477 Regi
706 4406 744 4461 ad
764 4404 970 4469 accedendum,
996 4412 1027 4459 et
1045 4406 1229 4460 tractandum
1250 4425 1317 4461 cum
1336 4410 1418 4481 Rege
1439 4414 1475 4467 da
1489 4434 1520 4483 b,
1537 4383 1645 4487 {entim

426 4492 557 4546 articulis
588 4509 641 4562 pro
675 4491 781 4561 quibus
812 4490 939 4544 instabat
975 4507 1035 4543 sure
1075 4489 1183 4544 charte
1221 4491 1401 4560 inserendis;
1439 4498 1475 4553 de
1488 4500 1515 4548 in
1528 4501 1571 4550 the

426 4576 533 4646 quibus
554 4594 645 4629 uuum
665 4576 791 4628 inseram
808 4574 916 4627 nostris
936 4571 1099 4636 Chrouieis,
1120 4579 1154 4627 nt
1172 4573 1338 4643 legentibus
1362 4589 1476 4638 constet
1488 4567 1596 4619 Chanes

426 4660 535 4714 clarius
554 4665 674 4714 coeteros
693 4659 754 4712 fore
773 4657 932 4712 contrarios
952 4657 1066 4711 rationi.
1488 4636 1626 4765 {lgnffled

460 4857 599 4923 ¹Supplied
621 4858 686 4906 from
714 4856 781 4906 Bibl.
805 4856 867 4920 Reg.
894 4861 923 4904 13
1010 4856 1054 4904 ’et
1073 4872 1102 4903 er
1120 4855 1147 4903 iu
1169 4857 1230 4920 orig.
1250 4862 1301 4909 and
1317 4862 1359 4912 the
1376 4866 1475 4928 printed

426 4938 455 4986 ii.
465 4937 500 4986 ix.
513 4940 563 4987 and
575 4938 618 4986 the
629 4937 728 5000 printed
739 4944 814 4986 texts.
974 4939 1059 4983 texts:
1087 4937 1214 4986 corrected
1237 4937 1301 4990 from
1325 4942 1391 4994 Bibl.
1412 4947 1475 5012 lteg,

458 5020 530 5065 2ιἰιιιι
541 5015 625 5065 illicia
637 5016 701 5080 orig.
713 5018 764 5066 end
772 5015 815 5066 the
826 5015 923 5079 printed
976 5018 1006 5062 13
1018 5013 1048 5062 Ε.
1061 5012 1094 5062 ix.

424 5104 510 5146 texta:
540 5097 668 5145 corrected
689 5095 755 5145 hom
773 5094 842 5145 Bibl.
859 5093 922 5158 Reg.
999 5092 1392 5158 ⁴1noorrectlywrittenturnoiu
1400 5106 1476 5171 orig.;

430 5181 458 5225 ia
470 5175 501 5226 Ii.
513 5174 549 5224 ia
974 5174 1101 5223 corrected
1112 5173 1176 5223 hom
1191 5175 1234 5226 the
1249 5178 1349 5242 printed
1360 5189 1434 5235 texts,
