3750 6250
511 1051 575 1122 176
839 1069 970 1118 moun
992 1069 1227 1120 wammam

335 1264 404 1316 An.
424 1269 495 1314 1³25.
545 1255 580 1310 In
604 1255 722 1311 Oetabis
747 1256 845 1312 Sancti
870 1258 1001 1322 Hillarii,
1026 1260 1135 1314 sactum
1158 1265 1203 1314 est
1228 1256 1457 1312 Parliamentnm
1481 1254 1558 1310 Ῑιοιι-
1573 1267 1680 1320 Bm

340 1343 479 1436 &33²
508 1338 612 1404 doniis,
626 1340 704 1410 flpud
716 1340 1024 1436 westmonasterium,
1042 1345 1073 1397 in
1088 1360 1145 1413 qno
1157 1342 1337 1398 tractabatur
1349 1341 1385 1395 de
1397 1340 1560 1436 salvatione
1573 1352 1615 1401 pp-
1625 1341 1680 1394 ⁹⁰2¹

337 1444 440 1486 mtrem.
508 1422 639 1478 Ducam
664 1426 860 1495 Aqffllfflssiae,
889 1444 955 1497 quae
976 1426 1151 1497 jamdudum
1176 1444 1228 1497 per
1254 1425 1354 1480 Gallos
1378 1425 1438 1480 furt
1458 1424 1559 1479 multi·
1573 1403 1629 1453 ἢ
1639 1401 1680 1452 m

339 1507 476 1557 Freshne·
507 1507 623 1577 pliciter
641 1509 777 1564 lacerata.
822 1510 908 1567 Missi
934 1519 1004 1565 sunt
1021 1528 1093 1581 ergo
1111 1510 1255 1565 solemnes
1273 1509 1372 1564 nuncii
1390 1508 1429 1563 ad
1445 1508 1561 1579 Regem
1572 1470 1671 1587 ἢκ

340 1573 494 1690 εθῑῑίῧέἕᾱ
507 1591 647 1657 Franciae,
667 1592 885 1664 antoniensis
904 1601 935 1649 et
946 1594 1157 1650 Nortwieensis
1169 1594 1318 1665 Episcopi,
1333 1601 1363 1648 et
1374 1593 1422 1648 vir
1433 1592 1561 1648 illustris

338 1654 469 1757 {mim
508 1675 654 1732 Johannes
673 1677 709 1731 de
725 1679 887 1742 Britannia,
903 1678 1008 1734 Comes
1021 1679 1057 1733 de
1074 1678 1266 1732 Riehemund.
1297 1677 1354 1746 Qui
1372 1685 1440 1749 post
1449 1677 1560 1733 multas

338 1772 381 1821 the
388 1773 459 1838 king
467 1772 498 1823 of
506 1760 741 1832 disceptationes,
772 1762 974 1832 allegationes,
1005 1775 1035 1817 et
1070 1762 1269 1817 excusationes
1306 1763 1408 1826 iactas,
1440 1760 1559 1816 tandem

338 1839 444 1890 che·
507 1845 661 1915 quamdam
688 1847 768 1917 pacis
795 1848 917 1901 sormam
944 1865 962 1901 a
986 1845 1069 1916 Rege
1096 1846 1228 1901 Ranciae
1254 1851 1436 1917 receperunt.
1483 1845 1622 1914 ¹Reqffi
1630 1861 1680 1912 Bm

506 1929 614 1984 missus
632 1937 678 1985 est
702 1947 774 2000 ergo
802 1931 832 1984 in
850 1930 990 2000 Angliam
1007 1930 1224 2002 Wyntoniensis
1243 1930 1414 2001 Episcopus,
1435 1929 1559 2000 collegis
1571 1930 1628 2008 Reg
1639 1935 1661 1979 1³

506 2012 536 2066 in
555 2012 653 2068 Gallia
677 2015 903 2079 remanentibus,
923 2016 975 2086 qui
1000 2015 1154 2070 nunciaret
1178 2014 1254 2085 Regi
1280 2021 1464 2085 nostroquae
1483 1997 1599 2069 sacta1¹2
1610 2012 1638 2046 ¹¹⁴

506 2105 583 2151 sunt.
632 2098 771 2162 Tandem,
811 2107 877 2170 post
913 2099 1035 2169 longum
1070 2105 1229 2154 tractatum
1266 2098 1427 2154 familiares
1464 2097 1559 2170 Regis

506 2180 700 2237 laudaverunt
737 2182 881 2253 Reginam
920 2182 1174 2238 transmittendam
1204 2182 1241 2237 ad
1271 2182 1384 2253 Regem
1414 2181 1557 2246 Franeiae,

339 2268 491 2331 'l'teQneen
506 2266 626 2319 fratrem
650 2283 745 2329 suurn,
771 2284 825 2337 pro
854 2266 934 2337 pacis
965 2268 1082 2337 negotio
1111 2266 1317 2330 confirmando,
1348 2284 1417 2321 eum
1446 2265 1559 2320 familia

338 2336 671 2413 ⁰fF1¹¹a¹⁸¹1dmodemta3
699 2368 764 2419 qum
783 2351 853 2404 satis
879 2350 1031 2405 humiliter
1055 2351 1217 2421 suscipiens
1243 2350 1400 2420 legationis
1418 2348 1556 2414 officinm,

339 2417 493 2517 ww
506 2451 571 2487 etun
590 2451 648 2487 uno
674 2433 735 2487 solo
754 2434 877 2498 Barone,
897 2434 1012 2489 scilicet
1034 2434 1159 2490 Domino
1179 2434 1312 2489 Johanne
1331 2434 1367 2489 de
1390 2432 1556 2498 Cromwell,

338 2534 442 2585 stam,
506 2525 688 2586 quatuorque
707 2516 860 2580 militibus,
880 2517 1090 2573 transfretavit.

339 2616 414 2665 lum}
426 2632 466 2665 ar.
541 2600 711 2654 Mediutrice
725 2601 816 2670 igitur
828 2600 944 2670 Regina
955 2600 1072 2671 Angliae
1085 2601 1220 2664 Isabella,
1234 2600 1287 2656 tali
1300 2607 1384 2670 pacto
1396 2600 1455 2656 fuit
1466 2600 1558 2656 finali·
1567 2604 1678 2661 Marium.

338 2691 485 2746 magement
506 2690 551 2738 ter
563 2684 777 2747 concordatum,
790 2691 823 2739 ut
832 2684 894 2738 Rex
902 2684 1019 2755 Angliae
1027 2685 1109 2740 daret
1118 2685 1271 2748 Edwardo,
1282 2683 1342 2739 filio
1352 2702 1405 2739 suo
1413 2685 1559 2756 primoge-
1567 2693 1603 2743 m·
1612 2675 1675 2734 “dl

338 2751 411 2798 Μ
423 2751 466 2798 ¹⁸²·
506 2768 577 2831 nito,
592 2768 737 2822 Ducatum
750 2768 936 2838 Aquitunniae
950 2775 979 2823 et
987 2767 1164 2823 comitatum
1171 2769 1299 2832 Pontini,
1309 2774 1344 2822 ut
1355 2768 1418 2822 Rex
1425 2768 1557 2824 Francia
1566 2744 1616 2861 ἔξ
1624 2737 1670 2855 ”gu

338 2823 422 2944 ἓξὲξ
432 2816 476 2931 the
508 2852 652 2921 reciperet
662 2852 830 2922 homagium
843 2852 879 2906 ab
892 2852 993 2907 eodem
1005 2851 1097 2922 Regis
1110 2852 1179 2915 filio,
1194 2860 1223 2907 et
1234 2851 1371 2907 redderet
1382 2850 1440 2906 sibi
1457 2852 1556 2908 statim
1566 2825 1630 2928 gig

338 2948 459 3012 langland
511 2935 688 2990 Comitatum
707 2936 823 2990 Pontini
843 2942 873 2991 et
890 2942 984 2990 terras
1008 2936 1038 2989 in
1056 2934 1244 3006 Aquitannia,
1264 2934 1427 3005 dequibus
1451 2935 1557 3007 placite

335 3015 497 3067 wdl'fflloe·
511 3027 590 3074 mota
612 3020 747 3085 fuerunt3
776 3027 807 3075 et
833 3020 869 3074 de
894 3019 960 3074 aliis
984 3019 1122 3090 equitatis
1141 3037 1194 3090 per
1216 3019 1360 3073 Karolum
1381 3020 1557 3075 avunculum

511 3123 597 3160 suum
615 3106 724 3160 faceret
736 3105 792 3159 sibi
801 3105 926 3175 justitiae
939 3103 1191 3174 complementum.
1231 3103 1326 3175 Super
1343 3103 1451 3175 quibus
1469 3104 1558 3159 omni·

507 3190 562 3244 bus
586 3191 668 3245 misit
686 3190 747 3244 Rex
772 3190 903 3244 Francius
922 3206 990 3243 suas
1017 3195 1147 3258 patentes
1173 3187 1286 3243 litteras
1304 3189 1334 3243 in
1352 3188 1502 3260 Angliam,
1530 3195 1559 3243 et

506 3274 579 3328 ulios
599 3275 711 3329 litteras
730 3273 766 3327 de
785 3273 929 3327 conductu
948 3272 1039 3335 salvo,
1059 3279 1118 3327 tam
1137 3290 1190 3342 pro
1208 3272 1268 3326 filio
1287 3290 1375 3343 quam
1397 3290 1452 3343 pro
1476 3272 1557 3343 Rege

506 3357 632 3427 Angliae,
652 3358 677 3412 si
697 3359 759 3428 ipse
778 3357 879 3411 mallet
896 3358 927 3410 in
945 3374 1068 3426 persona
1091 3357 1209 3426 propria
1232 3359 1340 3412 venire.
1389 3357 1558 3428 Superque

507 3443 621 3510 optione
647 3443 766 3496 fuerunt
790 3440 877 3495 multi
905 3450 934 3494 ct
959 3441 1059 3509 magni
1085 3447 1227 3494 tractatus
1251 3441 1329 3511 apud
1350 3440 1509 3511 Langedon
1528 3448 1556 3494 et

507 3525 584 3594 apud
608 3525 775 3587 Dovoriam,
802 3524 902 3578 inultis
933 3524 1150 3578 consulentibus
1181 3524 1258 3594 qnod
1289 3524 1351 3578 Rex
1376 3525 1406 3577 in
1433 3542 1556 3594 persona

312 3609 623 3678 'nfflesulaspropria
648 3610 794 3663 transiret.
843 3608 901 3663 Sed
927 3616 1050 3677 uterque
1077 3608 1276 3677 Dispensator,
1304 3616 1388 3678 pater
1414 3615 1444 3663 et
1468 3609 1555 3671 filius,

338 3692 394 3741 viee
405 3691 481 3755 given
507 3693 557 3762 qui
587 3711 639 3746 nee
671 3693 814 3746 audebant
844 3709 923 3746 mare
955 3692 1090 3753 transire,
1118 3709 1180 3756 nee,
1210 3691 1292 3762 Rege
1319 3698 1498 3758 transeunte,
1527 3693 1554 3746 iu

337 3758 437 3873 {lamb
506 3777 615 3844 Anglia
634 3794 792 3839 remanere,
816 3782 934 3847 propter
953 3776 1052 3829 odium
1076 3777 1160 3846 regni
1179 3776 1330 3839 nobilium,
1351 3776 1403 3846 qui
1426 3778 1556 3847 perfecto

338 3839 454 3940 ffiffssey
506 3861 571 3914 odio
584 3861 704 3915 oderant
716 3861 791 3923 illos,
806 3860 949 3914 dederunt
966 3861 1130 3924 eonsilium,
1151 3867 1180 3915 et
1192 3861 1417 3930 praevaluerimt,
1432 3868 1466 3915 ut
1477 3861 1555 3914 filius

337 3958 466 4020 Spencm,
506 3945 597 4014 Regis
610 3945 763 4007 transiret,
790 3945 874 4013 eujus
895 3945 1036 3998 transitus
1055 3945 1085 3997 iu
1104 3951 1191 4014 caput
1203 3945 1343 4015 ipsorum,
1357 3944 1435 3998 sicut
1446 3945 1557 4015 patebit

505 4029 756 4100 exsequentibus,
777 4028 959 4082 redundavit.
997 4028 1080 4083 Unde
1100 4029 1242 4082 Dominus
1267 4028 1330 4081 Rex
1348 4027 1466 4097 Angliae
1488 4030 1557 4083 fecit

505 4116 635 4170 chartam
666 4114 725 4166 filio
756 4131 809 4166 suo
838 4113 978 4183 praedicto
1008 4113 1044 4167 de
1074 4112 1161 4167 dictis
1192 4113 1306 4167 Ducatu
1336 4118 1367 4166 et
1396 4112 1554 4175 Comitatu,

505 4198 670 4252 habendum
692 4203 722 4251 et
739 4197 895 4250 tenendum
915 4198 970 4250 sibi
997 4208 1026 4251 et
1050 4197 1225 4258 haeredibus,
1249 4195 1399 4265 ²Regibua
1420 4197 1554 4267 Angliaa3

505 4285 578 4337 etsi
597 4283 779 4352 contingeret
798 4282 893 4351 ipsum
911 4282 986 4334 mori
1006 4282 1035 4334 in
1055 4283 1116 4335 vita
1134 4282 1226 4350 patris
1246 4281 1301 4345 sui,
1321 4288 1408 4334 terrac
1427 4281 1557 4335 redirent

504 4367 541 4420 ad
565 4368 661 4437 ipsum
686 4372 806 4436 patrem.
853 4365 899 4418 Ita
926 4366 1023 4429 etiam,
1045 4364 1122 4435 quod
1148 4365 1210 4418 Rex
1234 4364 1364 4418 Franciac
1382 4382 1440 4419 non
1458 4374 1556 4435 posset

504 4451 615 4505 dictum
635 4452 727 4506 filium
746 4450 837 4519 Regis
856 4450 1004 4513 maritare,
1025 4468 1078 4504 nec
1099 4456 1225 4503 tutorem
1244 4458 1295 4503 unt
1314 4456 1478 4504 curatorem
1500 4449 1555 4504 sibi

504 4534 582 4588 dare.
621 4535 691 4604 Quae
716 4534 859 4589 ordinatio
884 4534 941 4588 suit
966 4536 1041 4589 foeta
1064 4534 1198 4588 Dorerim
1223 4551 1275 4605 per
1298 4534 1429 4588 chartam
1453 4534 1554 4605 Regis,

505 4636 539 4672 ex
552 4637 694 4675 consensu
712 4620 899 4690 praelatorum
918 4624 949 4673 et
966 4618 1090 4673 aliorum
1108 4618 1251 4673 nobilium
1270 4619 1353 4689 regni
1366 4619 1554 4690 praesentium

506 4795 690 4804 *-

538 4897 544 4925 ¹
558 4896 595 4944 At
606 4895 657 4944 this
667 4895 738 4958 point
746 4895 920 4946 Blaneforde's
932 4895 1010 4947 Chre
1084 4898 1094 4925 ²
1107 4895 1181 4961 Regia
1193 4895 1219 4943 in
1231 4896 1274 4944 the
1285 4894 1384 4957 printed
1396 4902 1470 4945 texta.

503 4975 570 5024 niele
582 4976 698 5039 abnrptly
710 4977 778 5025 ends.
