3750 6250
659 1096 1047 1146 nrsroumsuenrcsss.
1316 1082 1382 1152 217

333 1284 492 1350 remeavit3
513 1300 572 1355 quo
588 1291 746 1355 comperto,
761 1283 823 1338 Rex
835 1284 953 1354 Angliae
971 1284 1002 1338 in
1020 1284 1210 1340 Brabantiam
1229 1301 1382 1355 regressus
1396 1294 1464 1345 As).
1478 1301 1549 1346 last.

333 1378 388 1425 est.

266 1457 306 1508 ul.
369 1454 435 1509 Cito
450 1460 517 1524 post
531 1454 602 1516 brec,
616 1453 698 1523 Papa
715 1452 792 1524 Regi
804 1451 921 1523 Anglise
934 1451 1054 1523 scripsit
1071 1452 1103 1506 in
1120 1453 1198 1509 hune
1209 1452 1382 1508 modumz-
1394 1469 1516 1519 generor

371 1545 389 1564 ‘⁸
410 1537 603 1593 ¹Benedietus
621 1537 794 1607 Episcopus,
815 1554 917 1591 servus
936 1553 1089 1592 servornm
1106 1537 1172 1601 Dei,
1187 1538 1339 1592 carissimo
1351 1536 1382 1590 iu
1395 1538 1463 1600 Pope
1470 1536 1551 1586 Bene·

266 1609 291 1658 ἶ·
334 1627 353 1649 “
374 1621 492 1677 Christo
523 1621 582 1675 filio
612 1620 765 1683 Eduardo,
804 1619 880 1691 Regi
904 1620 1022 1691 Angliae
1051 1621 1172 1684 illustri,
1198 1621 1323 1677 salutem
1353 1602 1538 1682 etdicilffli.

335 1710 354 1732 “
373 1705 575 1777 Apostolieam
602 1704 843 1759 benedictionem.
902 1704 982 1759 Dum
1009 1703 1167 1774 diligenter
1194 1704 1381 1768 attendimus,
1396 1670 1553 1790 ffiffiozn

266 1833 270 1850 .
297 1835 303 1846 .
334 1793 353 1817 ‘⁶
374 1796 405 1844 et
431 1789 583 1860 profundis
613 1788 840 1859 cogitationibus
867 1788 1052 1852 meditamur,
1085 1795 1194 1860 quanta
1220 1789 1327 1843 summi
1355 1795 1385 1844 et
1510 1791 1514 1800 '

272 1904 278 1917 ·
335 1876 354 1900 ‘¹
375 1873 477 1927 aeterni
504 1872 597 1943 Regis
618 1873 708 1927 fuerit
734 1872 910 1942 benignitas,
938 1880 969 1928 et
994 1872 1277 1928 misericordissimae
1304 1873 1384 1927 alilu·

336 1960 355 1983 “
375 1958 455 2012 entia
473 1956 601 2027 pietatis,
623 1955 701 2026 quod
719 1955 835 2027 pridem
853 1955 922 2018 tuis.
943 1957 1095 2011 carissime
1119 1956 1170 2020 fili,
1191 1961 1221 2010 et
1238 1956 1384 2011 carissimi

336 2049 355 2066 ··
375 2040 406 2094 in
436 2040 556 2095 Christo
586 2038 696 2094 ²nostri
729 2039 856 2093 illustris
880 2039 1013 2095 Francia
1044 2040 1145 2111 Regis,
1174 2040 1297 2111 ejusque
1327 2040 1385 2096 col·

336 2131 355 2149 ⁸·
376 2123 544 2194 ligatorum,
574 2123 715 2177 ordinatis
741 2122 870 2186 aciebus,
893 2129 924 2177 et
950 2123 1078 2178 multum
1100 2119 1140 2177 'ex
1166 2125 1330 2196 propinquo
1348 2124 1385 2178 ad

336 2219 355 2234 ⁸·
375 2207 591 2276 confligendum
609 2207 784 2261 terribiliter
801 2215 832 2262 et
849 2206 978 2261 animose
997 2207 1158 2279 dispositis,
1179 2208 1246 2263 hinc
1265 2215 1295 2263 et
1317 2208 1385 2263 inde

336 2303 355 2321 ‘⁸
375 2301 476 2348 secuta
487 2310 545 2346 non
557 2291 708 2347 extiterint
724 2290 865 2362 pericula,
886 2309 951 2360 qum
970 2297 1068 2346 tantus
1081 2293 1181 2360 fragor
1193 2310 1340 2346 armorum
1356 2300 1386 2349 et

336 2387 355 2405 ⁴·
375 2384 554 2431 armatorum
573 2377 701 2447 impetus
721 2375 905 2440 minabatur;
934 2375 1039 2430 Eidem
1060 2375 1182 2431 laudum
1206 2376 1384 2432 exsolvimus

336 2468 356 2490 ⁴·
376 2462 530 2532 prmeonia,
556 2479 624 2515 eum
642 2467 673 2515 ct
690 2460 744 2514 hoc
763 2459 800 2514 ad
821 2460 928 2514 donum
948 2459 1004 2514 Dei
1029 2461 1198 2524 maximum,
1219 2467 1249 2516 et
1274 2463 1386 2532 grande

338 2555 357 2571 ··
377 2551 529 2616 operatum
559 2542 789 2599 misericorditer
815 2561 833 2596 a
859 2543 1015 2598 clementia
1045 2543 1151 2599 divinae
1181 2545 1384 2616 providentiis,

338 2639 356 2655 ··
378 2648 443 2699 quiue
462 2629 492 2682 in
511 2628 557 2682 sni
576 2627 767 2699 dispositione
785 2645 842 2681 non
870 2627 993 2691 fallitur,
1021 2628 1198 2684 miraculum
1222 2637 1384 2700 reputetur.

338 2721 356 2740 ⁶·
376 2713 438 2767 ³Ex
450 2714 504 2767 hoc
518 2712 637 2782 quidem
649 2711 749 2783 colligi
767 2718 863 2782 potest
881 2712 970 2765 etiem
983 2712 1122 2782 apertius,
1144 2713 1222 2784 quod
1233 2713 1388 2770 Altissimo

338 2809 357 2826 ··
378 2799 428 2869 qui
447 2798 525 2851 bella
543 2798 677 2860 conterit,
692 2804 722 2851 et
742 2796 880 2866 gentibus
893 2813 928 2850 ea
939 2796 1115 2860 volentibus,
1135 2816 1188 2870 per
1206 2801 1387 2871 prophetam,

339 2882 578 2953 “dissipationis
606 2881 812 2936 exterminium
831 2881 1034 2945 comminatur,
1061 2889 1143 2937 tauta
1168 2885 1320 2952 sanguinis
1343 2903 1389 2939 re·

340 2975 358 2994 '¹
379 2967 565 3036 demptorum
592 2965 720 3035 pretioso
739 2982 842 3019 cruore
861 2963 1016 3019 Dominico
1033 2974 1171 3036 quantam
1189 2968 1343 3030 fudissent,
1364 2968 1389 3022 si

339 3057 358 3077 ‘⁸
378 3051 544 3105 conflictum
555 3049 611 3103 sibi
619 3048 768 3102 dedissent
777 3048 854 3102 acics
864 3047 1011 3118 praedietae
1020 3055 1090 3104 tunc
1100 3051 1249 3120 temporis,
1259 3052 1290 3104 in
1299 3051 1390 3106 totius

339 3143 358 3163 ··’
379 3135 609 3191 Christianitatis
620 3135 757 3188 damnum
767 3141 797 3187 et
806 3133 1004 3204 opprobrium,
1015 3152 1049 3189 ac
1058 3135 1221 3189 animarum
1231 3137 1390 3190 multarum

341 3232 359 3246 ¹·
381 3219 555 3290 perieulum,
588 3218 692 3272 effusio
717 3236 775 3271 non
795 3217 938 3288 placebat.
986 3217 1107 3287 Regalis
1130 3236 1246 3289 quoque
1266 3220 1389 3274 circum·

339 3315 358 3329 ⁶·
380 3304 490 3374 spectio
508 3310 604 3373 petest
622 3302 711 3356 otiam
729 3300 881 3355 advertere
902 3301 1070 3370 diligenter,
1098 3309 1239 3372 quantum
1257 3303 1305 3357 ⁴et
1323 3322 1390 3357 cum

340 3398 359 3413 ··
381 3388 442 3441 Rex
454 3387 612 3458 praedictus
626 3385 857 3454 indignationem
875 3384 1022 3439 haberetis
1041 3385 1198 3440 formidare
1211 3385 1349 3452 divinam,
1365 3388 1390 3442 si

340 3482 359 3497 ¹·
378 3471 497 3542 ‘plures
516 3470 551 3523 dc
570 3470 613 3524 eis
633 3488 704 3539 quos
730 3470 792 3539 ipse
811 3469 985 3539 apericulis
1010 3470 1171 3524 animarum
1190 3477 1391 3542 etcorporum

341 3565 359 3580 ··
380 3554 489 3625 eripuit
508 3554 549 3607 sic
568 3553 702 3622 benigne,
724 3553 831 3606 iterum
850 3551 941 3606 simili
963 3551 1107 3622 subjicere
1126 3552 1289 3608 discrimini
1308 3574 1389 3609 cura·

342 3648 360 3664 ··
381 3639 470 3701 retis;
496 3636 658 3691 timendum
677 3641 764 3697 esset,
778 3635 980 3705 proculdubio,
995 3643 1029 3689 ut
1041 3635 1112 3689 adeo
1124 3636 1341 3702 succenderetur,
1362 3644 1392 3693 ct

343 3730 361 3748 ··
382 3721 546 3792 persertim
560 3719 761 3773 vehementius
775 3727 876 3772 eontra
888 3718 972 3771 illum
983 3718 1033 3788 qui
1044 3717 1211 3788 hujusmodi
1229 3720 1391 3776 discrimini

342 3812 360 3832 ⁸·
381 3806 464 3859 duret
482 3803 652 3873 ampliorem
670 3820 797 3873 operam,
817 3801 879 3854 “ira
893 3800 959 3863 Dei,
978 3811 1012 3856 ut
1025 3810 1106 3856 tanta
1122 3810 1235 3873 strages
1254 3810 1392 3876 tantaque

342 3896 360 3916 ⁶*
382 3889 513 3943 confusio
532 3896 704 3957 sequeretur·
729 3885 806 3956 quod
826 3892 887 3940 tota
904 3893 1108 3941 concuteretur
1127 3887 1342 3953 Christianitm,
1363 3897 1393 3945 et

343 3978 361 4001 ‘¹
382 3972 551 4026 reformatio
578 3971 659 4041 pacis
686 3976 716 4024 et
742 3968 913 4033 concordius,
941 3967 1018 4024 7non
1049 3969 1176 4025 difficilis
1204 3972 1256 4026 sed
1284 3974 1390 4043 impos·

343 4063 361 4084 ¹¹
382 4057 487 4120 sibilis,
505 4054 582 4125 ‹prod
599 4073 656 4107 non
676 4054 752 4108 sinat
769 4053 923 4107 miserator
938 4061 969 4108 ct
984 4054 1149 4109 misericors
1164 4055 1307 4111 Dominus
1326 4075 1390 4111 eon

343 4151 361 4168 '¹
382 4142 504 4209 tingere,
525 4137 704 4192 redderetur.
743 4135 933 4206 Rtiusuper,
960 4154 1012 4189 uec
1037 4138 1133 4191 minus
1152 4139 1391 4193 considerandum

343 4228 361 4251 ‘⁶
382 4224 508 4285 videtur,
529 4228 679 4291 quantum,
703 4219 852 4274 occasione
871 4237 1046 4289 guerrarum
1067 4223 1264 4292 prensantium,
1290 4222 1391 4278 multis

529 4370 545 4376 -.
568 4368 724 4375 —..-.—-
879 4369 1389 4379 —------..—.——-—-——..

378 4463 383 4491 ¹
400 4460 509 4509 Inserted
518 4466 542 4506 st
555 4458 596 4506 tlte
605 4459 653 4505 end
665 4456 695 4504 of
703 4457 744 4505 tbe
758 4458 842 4504 lirun-
924 4460 934 4487 ²
944 4457 998 4519 filii
1010 4460 1092 4513 sosoi,
1105 4457 1175 4506 llarl.
1188 4463 1244 4506 655.

343 4540 381 4588 del
396 4538 451 4593 MS.
464 4538 490 4585 in
511 4554 525 4585 a
544 4537 611 4584 bend
623 4536 653 4583 ef
661 4535 702 4585 the
717 4535 774 4584 loth
786 4549 844 4584 cen·
922 4538 931 4563 ³
944 4535 981 4583 Ee
991 4535 1042 4589 tw,
1053 4536 1122 4585 llsrl.
1135 4542 1191 4584 655.

344 4631 408 4684 πυτς.
439 4621 539 4682 lleopy
561 4618 592 4667 of
605 4618 654 4667 this
673 4618 765 4669 letter.
784 4618 843 4665 nith
925 4617 969 4661 ἰιι
989 4623 1012 4663 et
1035 4633 1085 4674 res,
1107 4615 1132 4662 in
1158 4615 1267 4679 llymer3
1297 4633 1313 4667 a
1336 4634 1390 4681 pre·

344 4716 412 4749 sinte
441 4698 586 4755 surisliens,
624 4697 646 4744 is
680 4698 752 4759 print
763 4698 777 4744 ιΙ
819 4697 843 4744 ln
891 4694 1108 4757 slrublereueliug.

346 4779 526 4843 lls'merffiew
543 4777 650 4830 Foderu,
669 4777 702 4824 ll.
722 4792 744 4838 p.
761 4778 845 4839 llos),
923 4772 1043 4838 ⁵pepmlos
1066 4773 1117 4821 Dei
1139 4792 1206 4837 epiros,
1228 4776 1255 4825 in
1279 4778 1387 4842 llymer;

345 4862 409 4908 from
423 4859 478 4907 tls,
491 4858 590 4908 C-otton.
605 4855 681 4913 Otlm,
692 4856 723 4904 l).
736 4855 777 4913 ll.,
788 4870 844 4903 now
891 4868 904 4901 n
917 4853 1054 4916 preferable
1066 4854 1178 4918 reading.

346 4940 401 4987 lost.
444 4938 500 4985 'l'be
522 4944 575 4985 text
599 4936 629 4983 of
649 4934 844 4997 llemingburgli
867 4946 869 4969 ¹
922 4932 1179 4991 “elimellsrlttd

344 5019 394 5067 and
403 5018 457 5065 tls.
466 5016 538 5065 llurl.
549 5020 596 5061 655
607 5014 652 5062 bas
663 5014 722 5062 been
732 5014 845 5076 adopted.
867 4978 869 5061 l
927 5014 933 5038 ¹
952 5028 996 5058 uoti
1009 5009 1090 5063 aduste.
1102 5012 1172 5063 llurl.
1185 5020 1241 5064 655.
