3750 6250
741 1102 906 1153 msrouu
927 1102 1136 1155 arcucius.
1417 1090 1460 1159 93

304 1292 396 1364 hg«.
415 1294 433 1320 ‘⁶
451 1290 497 1346 Ac
522 1289 639 1346 demum
668 1289 880 1346 sententialiter
903 1290 1060 1362 propositis
1085 1297 1116 1346 et
1140 1290 1316 1347 sufficienter
1341 1290 1627 1356 nuntiauerant.

304 1359 386 1415 blut
415 1380 433 1404 ⁴⁴
452 1375 576 1441 smus,
590 1376 771 1439 examinatis,
785 1374 985 1446 etdiligenter
1002 1374 1168 1441 insensatis,
1189 1375 1318 1446 paratum
1332 1374 1459 1446 jisua,

304 1434 362 1505 μ’
415 1465 433 1490 “
452 1459 578 1516 finaliter
595 1459 799 1532 inpraesentia
816 1461 946 1514 omnium
963 1459 1150 1531 praelatorum
1170 1464 1201 1514 et
1211 1459 1362 1523 nobilium,
1377 1458 1462 1530 quasi

304 1508 341 1607 ᾗ
414 1546 542 1601 “totius
568 1544 654 1615 regni
681 1543 796 1606 Scotiae,
823 1548 853 1599 et
880 1542 916 1598 de
941 1542 1090 1599 voluntate
1122 1550 1152 1599 et
1177 1560 1297 1599 assensu
1327 1558 1461 1615 expresse

305 1639 361 1689 Μ
414 1634 432 1658 “
451 1628 618 1693 eorundem,
637 1628 835 1699 procedentes,
856 1626 1019 1682 Johannem
1046 1629 1082 1682 de
1101 1626 1226 1683 Balliolo
1244 1626 1341 1683 debite
1358 1627 1461 1699 proele·

414 1714 544 1769 “cimus
566 1713 605 1768 'in
635 1712 748 1783 Regem
780 1711 949 1777 Scotorum
988 1728 1075 1782 quem
1106 1716 1177 1766 tunc
1211 1712 1242 1766 in
1274 1711 1461 1767 successione

414 1802 431 1825 ‘⁴
450 1797 582 1869 ejusdem
599 1796 684 1867 regni
701 1795 827 1850 haeredis
841 1794 912 1865 jura
935 1795 1100 1868 invenimus
1124 1795 1225 1850 haberi
1243 1795 1365 1867 potiora.
1403 1793 1460 1863 Qui
1564 1836 1569 1842 .

414 1886 432 1910 “
451 1882 569 1953 quidem
587 1880 716 1945 Praelati,
737 1879 875 1944 Comites,
890 1886 921 1934 et
937 1879 1077 1943 Berones,
1097 1896 1131 1935 ac
1149 1880 1247 1936 ceteri
1265 1878 1350 1949 regni
1367 1878 1461 1950 ipsius

415 1975 432 1998 ‘⁴
451 1970 563 2034 incole,
591 1968 765 2024 sententiam
795 1973 925 2023 nostram
960 1972 1192 2039 acceptaverunt,
1219 1966 1459 2039 approbaverunt,

415 2058 432 2083 “
451 2062 482 2109 ct
499 2055 596 2126 ipsum
615 2053 634 2108 J
635 2053 777 2107 ohannem
795 2051 832 2107 de
855 2052 991 2108 mandato
1009 2057 1108 2108 nostm
1125 2052 1234 2108 virtute
1252 2051 1341 2122 hujus
1356 2050 1462 2122 judieii

415 2143 433 2168 ⁴⁴
452 2139 483 2193 iu
500 2138 613 2209 Regem
626 2154 712 2193 suum
723 2136 913 2192 admiserunt.
950 2136 996 2191 Ao
1007 2136 1085 2192 idem
1098 2134 1255 2200 Johannos,
1269 2135 1332 2191 Rex
1344 2134 1460 2201 Scotim

416 2226 433 2251 “
452 2240 505 2294 pro
528 2240 621 2293 regno
646 2239 699 2276 suo
723 2220 863 2292 predicto
886 2220 971 2275 nobis
996 2220 1166 2291 homagium
1190 2219 1321 2276 debitum
1346 2225 1377 2275 et
1396 2236 1462 2274 con·

416 2311 433 2335 ¹⁸
451 2311 568 2362 suetum
586 2306 664 2367 fecit,
685 2311 715 2359 et
732 2303 881 2359 fidelitatis
896 2304 1095 2374 juramentum
1119 2304 1266 2376 prestitit,
1292 2311 1375 2360 etex
1392 2309 1461 2359 tuno

414 2394 431 2418 “
450 2386 555 2462 ¹[tam]
574 2391 605 2444 in
623 2388 829 2444 Parliumentis
848 2405 936 2458 quom
955 2388 1094 2445 Consiliis
1111 2390 1219 2445 noenia
1237 2396 1376 2460 tanquam
1395 2388 1462 2444 sub·

413 2474 529 2530 “ditus
547 2480 654 2537 nester,
674 2473 752 2527 sieut
769 2472 820 2527 alii
840 2472 876 2527 de
896 2490 988 2544 regno
1005 2480 1113 2537 nostro,
1133 2473 1275 2538 interfuit,
1296 2480 1326 2528 et
1342 2473 1459 2536 nostris,

413 2562 431 2586 ‘⁴
448 2565 587 2630 tanquam
606 2557 716 2611 domini
742 2556 787 2610 sui
813 2557 982 2627 superioris,
1001 2556 1190 2628 beneplacitis
1214 2562 1245 2613 et
1268 2556 1413 2612 mandatis
1431 2557 1462 2611 in

413 2646 430 2671 ‘¹
448 2641 582 2696 omnibus
600 2639 737 2695 obediens
750 2645 780 2693 et
794 2639 946 2694 intendens
959 2641 1064 2704 extitit,
1078 2639 1247 2711 ²quousque
1261 2639 1340 2695 idem
1353 2640 1373 2695 J
1374 2640 1462 2695 ohan·

414 2730 500 2782 “nes
519 2725 582 2780 Rex
601 2723 716 2787 Scotiae,
743 2730 774 2779 et
798 2723 927 2786 Praelati,
957 2724 1095 2788 Comites,
1123 2729 1153 2779 et
1179 2724 1318 2788 Berones,
1338 2724 1460 2787 nobiles,

414 2815 430 2838 ‘⁶
449 2809 681 2870 communitates,
707 2814 737 2863 ct
760 2808 858 2863 caeteri
877 2807 979 2863 incolae
997 2809 1122 2880 majores
1142 2808 1273 2879 ejusdem
1291 2809 1386 2879 regni,
1406 2808 1462 2863 ³ex

414 2898 431 2921 “
449 2897 650 2966 praeconcepta
669 2891 790 2955 malitia,
812 2896 841 2946 et
859 2892 1019 2963 prelocuta
1036 2909 1070 2946 ac
1088 2893 1281 2963 praeordinata
1298 2892 1461 2963 proditione

414 2980 431 3005 ‘⁶
449 2977 660 3033 communicato
678 2976 808 3039 consilio,
829 2993 896 3030 cum
915 2981 984 3030 tunc
1005 2975 1132 3030 inimicis
1149 2977 1257 3031 nostris
1276 2975 1459 3047 capitalibus.

415 3066 431 3090 ‘⁶
451 3071 481 3118 et
493 3062 627 3125 notoriis,
641 3061 786 3115 amicitias
799 3060 981 3131 copularunt,
998 3077 1032 3114 ac
1050 3060 1207 3132 pactiones,
1222 3061 1459 3132 conspirationes,

415 3151 431 3174 “
450 3156 480 3203 et
504 3146 728 3217 conjurationes,
757 3146 788 3199 in
815 3145 1075 3200 exheredationem
1103 3151 1233 3200 nostram
1258 3151 1288 3200 et
1311 3145 1461 3201 haeredum

415 3235 432 3258 ‘⁸
449 3238 624 3292 nostrorum,
645 3247 678 3284 uc
703 3229 788 3299 regni
812 3229 914 3291 nostri,
942 3235 1043 3284 conus
1067 3229 1197 3285 debitum
1223 3229 1401 3300 homagium,
1430 3231 1461 3283 in

415 3321 432 3343 ‘⁴
450 3317 561 3371 crimen
579 3315 657 3369 laesoe
673 3313 836 3384 majestatis
854 3313 989 3383 nequiter
1013 3313 1176 3377 incidendo,
1204 3313 1354 3368 fidelitatis
1378 3313 1460 3384 jura·

416 3403 432 3426 '⁴
450 3407 580 3454 mentum
593 3398 721 3453 inierunt
733 3414 799 3451 cum
818 3396 936 3451 eisdem.
975 3396 1087 3453 Verum
1105 3414 1172 3451 cum
1189 3396 1341 3468 premissa
1358 3396 1461 3453 relatio

416 3487 432 3510 “
451 3491 480 3539 et
509 3484 587 3537 fama
616 3480 734 3552 publica
763 3480 800 3535 ad
836 3498 921 3534 sures
958 3486 1071 3535 nostras
1105 3480 1299 3544 advenissent,
1330 3480 1461 3536 volentes

416 3570 432 3594 ‘⁴
451 3567 558 3622 futuris
583 3565 722 3636 periculis
749 3581 922 3635 precavere,
951 3582 1016 3634 quoe
1046 3581 1081 3618 ex
1106 3563 1165 3619 hiis
1193 3570 1224 3619 et
1249 3564 1315 3619 aliis
1341 3571 1462 3636 possent

416 3653 433 3677 '⁸
451 3651 543 3713 uobis,
569 3666 661 3719 regno
690 3653 799 3711 nostro,
828 3655 858 3702 et
887 3649 972 3719 regni
999 3648 1091 3704 nostri
1120 3648 1233 3711 ineolis,
1260 3648 1462 3706 verisimiliter

416 3735 433 3759 ‘⁴
451 3732 613 3804 provenire,
627 3749 680 3801 pro
691 3731 905 3786 assecuratione
918 3732 1003 3801 regni
1021 3731 1113 3786 nostri
1131 3733 1307 3787 accessimus
1326 3732 1363 3788 ad
1375 3732 1461 3788 confi·

417 3821 433 3844 ¹¹
451 3819 532 3872 nium
561 3815 646 3886 regni
681 3815 774 3869 nostri
811 3815 974 3885 utriusque,
1013 3815 1124 3886 pluries
1160 3815 1331 3871 mandantes
1365 3816 1461 3871 eidem

416 3904 433 3928 “
452 3900 587 3963 Johanni,
614 3907 683 3954 tunc
711 3898 787 3968 Regi
814 3898 928 3961 Scotiae,
956 3903 990 3953 ut
1014 3898 1051 3954 ad
1080 3904 1160 3954 certa
1189 3899 1253 3954 loca
1282 3900 1313 3954 in
1338 3901 1461 3955 confinio

416 3989 433 4012 “
451 3985 589 4057 praedicte
608 3982 645 4037 ad
662 3999 714 4037 nos
733 3981 892 4045 accederet,
913 3999 1001 4053 super
1013 3982 1182 4053 premissis,
1203 3989 1233 4039 et
1250 3982 1326 4047 aliis,
1346 4001 1461 4038 assecu-

416 4069 571 4124 “rationis
596 4073 714 4129 statum,
741 4065 993 4135 tranquillitatem,
1017 4071 1047 4121 et
1071 4084 1171 4138 paoem
1196 4068 1281 4138 regni
1306 4069 1460 4138 utriusque

416 4156 433 4180 “
451 4150 695 4222 contingentibus,
722 4156 909 4204 mactaturus.
956 4149 1021 4218 Qui,
1042 4150 1149 4221 spretis
1174 4150 1318 4206 mandatis
1341 4152 1458 4214 neseis,

416 4235 480 4291 “in
499 4253 553 4291 sua
569 4235 728 4306 persistens
751 4233 881 4303 perfidia,
908 4233 946 4288 ad
968 4233 1090 4289 bellicos
1114 4240 1279 4307 apparatus,
1304 4253 1370 4289 eum
1392 4235 1461 4307 Epi-

416 4323 433 4346 “
452 4321 556 4390 scopis,
579 4318 722 4379 Praelatis,
744 4317 916 4380 comitibus,
937 4326 967 4373 et
992 4318 1155 4374 Beronibus
1179 4319 1264 4388 regni
1291 4317 1405 4383 Scotiae,
1426 4337 1459 4374 ac

416 4407 434 4430 “
452 4404 540 4458 etiam
558 4402 624 4457 aliis
643 4401 749 4455 exteris
768 4401 955 4457 conductitiis
975 4408 1075 4456 contra
1092 4419 1155 4467 nos,
1174 4419 1298 4472 regnum
1315 4408 1457 4467 nostrum,

417 4492 434 4515 ‘⁶
452 4494 482 4543 et
498 4487 584 4558 regui
601 4485 694 4541 nostri
720 4486 839 4550 incolas,
861 4486 1008 4541 hostiliter
1033 4504 1064 4541 se
1089 4492 1258 4542 convertens
1277 4486 1410 4550 accinxit,
1430 4494 1459 4544 et

418 4576 434 4600 ¹¹
453 4571 489 4627 ad
500 4569 621 4626 hostiles
634 4586 793 4641 aggressus
806 4570 856 4640 ct,⁴
864 4571 999 4626 incursus
1017 4571 1175 4642 procedens
1188 4587 1311 4640 regnum
1327 4578 1459 4627 nostrum

449 4895 587 4945 'Omitted
618 4894 644 4945 in
678 4896 761 4962 orig.;
801 4898 914 4962 supplied
995 4896 1181 4962 ⁸etiuorig.;
1199 4898 1328 4948 corrected
1340 4899 1404 4948 stom
1417 4898 1460 4950 the

418 4972 479 5022 hom
492 4974 534 5023 the
545 4975 646 5038 printed
657 4984 733 5028 texts.
962 4977 1063 5042 printed
1075 4983 1151 5028 texts.

447 5055 457 5082 ²
472 5053 544 5103 amec
554 5057 581 5104 iu
593 5056 635 5106 the
646 5055 746 5120 printed
757 5064 831 5108 texts.
995 5058 1004 5086 ⁴
1022 5057 1141 5122 inpressas
1152 5056 1178 5106 in
1190 5056 1232 5107 the
1243 5057 1342 5122 printed
1352 5064 1426 5108 texts.
