3750 6250
668 1128 831 1177 maroam
853 1129 1065 1180 rusticana
1345 1116 1390 1180 89

300 1324 326 1361 u.
347 1314 366 1338 ‘⁴
385 1317 543 1383 praesentes
561 1327 736 1383 cognoscere
753 1320 872 1385 possent
896 1315 996 1369 Scotos
1023 1312 1187 1383 Anglorum
1211 1329 1302 1384 reguo
1323 1312 1392 1383 jure
1404 1320 1474 1372 nl).
1487 1325 1558 1371 1³01.

300 1377 315 1428 Ι·
347 1400 366 1422 “
387 1395 548 1467 subjugari.
584 1397 624 1451 Et
634 1397 709 1453 vidit
725 1398 866 1468 quosdam
884 1398 1016 1470 scopulos
1031 1397 1116 1468 juxte
1133 1398 1278 1468 quendam
1296 1397 1392 1452 locum

348 1485 367 1506 “
386 1497 475 1552 prope
494 1479 623 1543 Dunbar‚
643 1481 675 1535 in
693 1482 800 1546 Scotia,
819 1484 992 1553 prominere,
1022 1488 1207 1554 extractoque
1231 1482 1330 1553 gladio
1356 1481 1393 1536 de

348 1568 368 1592 ‘⁴
388 1565 494 1636 vagina
525 1567 670 1637 percussit
694 1566 726 1620 in
751 1567 873 1621 silicem.
923 1566 980 1635 Qui
1009 1566 1084 1639 lepis
1111 1567 1149 1621 ad
1175 1567 1265 1621 ictum
1290 1564 1393 1638 gladii,

349 1655 368 1676 ‘⁴
388 1648 444 1703 Dei
462 1650 571 1704 virtute
589 1656 703 1720 agente,
724 1651 766 1705 ita
792 1656 911 1706 cavatur
929 1657 963 1705 ut
980 1666 1117 1705 mensura
1141 1650 1218 1705 ulnae
1243 1650 1274 1704 in
1301 1649 1395 1719 longi·

348 1738 367 1760 ‘¹
387 1733 487 1789 tudine
499 1734 593 1805 possit
604 1736 741 1806 coaptari.
773 1736 812 1789 Et
824 1734 928 1805 ¹hujus
939 1735 983 1789 rei
996 1735 1135 1789 hactenus
1148 1735 1267 1789 evidens
1279 1734 1397 1805 signum

348 1822 367 1844 ‘¹
387 1827 515 1889 apparet,
535 1824 566 1872 et
584 1819 613 1872 in
631 1818 835 1873 Beverlacansi
854 1819 986 1881 ecclesia,
1000 1818 1031 1873 in
1043 1817 1182 1889 Legenda
1190 1816 1274 1871 Beati
1288 1816 1396 1871 Johan·

348 1905 367 1927 ‘⁴
387 1901 443 1964 nis,
462 1902 547 1971 quasi
559 1902 685 1972 singulis
697 1901 895 1967 hebdomadis,
910 1903 947 1957 ad
959 1901 1075 1956 laudem
1093 1908 1124 1956 et
1140 1900 1278 1955 honorem
1297 1900 1397 1956 Sancti

348 1990 367 2011 “
388 1984 529 2039 Jchaunis
547 2002 600 2056 pro
617 1985 759 2040 miraculo
783 1987 932 2041 recitatur.
981 1986 1020 2040 Et
1044 1985 1080 2040 de
1099 1985 1153 2041 hoc
1171 1990 1250 2040 extat
1273 1984 1397 2039 celebris

347 2072 366 2093 “
385 2069 535 2132 memoria,
555 2076 615 2123 tam
634 2069 664 2123 in
682 2069 792 2139 Anglia
810 2088 897 2139 quam
910 2070 941 2123 in
954 2069 1061 2132 Sentio,
1075 2085 1169 2139 usque
1180 2068 1397 2139 inpraesentem

347 2156 365 2177 ‘⁶
385 2152 472 2205 diem.
505 2152 591 2216 Item,
607 2152 824 2218 Constantinus,
839 2153 901 2207 Rex
921 2155 1084 2216 Scotorum,
1107 2158 1137 2207 et
1156 2152 1316 2222 Eugenium
1335 2151 1397 2205 Rex

347 2240 366 2262 “
388 2235 591 2300 cumbrorum,
612 2237 649 2291 ad
666 2238 838 2308 preadictum
857 2238 970 2309 Regem
988 2238 1104 2308 Angliae
1116 2236 1318 2300 Adelstanum
1331 2242 1398 2307 post

348 2325 367 2346 ‘⁶
387 2319 749 2391 aliquam²dissensionem
761 2322 893 2376 intereos
906 2322 1035 2377 habitam
1047 2321 1205 2385 venientes,
1215 2337 1247 2376 se
1255 2338 1323 2376 cum
1335 2320 1397 2376 suis

349 2408 368 2430 ‘⁴
388 2405 487 2474 regnis
500 2404 596 2459 eidem
607 2404 767 2459 Adelstano
786 2405 931 2460 dedidere.
971 2405 1063 2476 Cujus
1084 2405 1153 2460 facti
1175 2404 1280 2475 gratia,
1303 2403 1397 2459 fllium

349 2491 367 2514 ¹⁸
388 2486 571 2542 Constantini
589 2489 652 2559 ipse
670 2487 847 2543 Adelstanus
866 2489 902 2542 de
921 2506 1003 2544 sacro
1029 2491 1107 2544 fonte
1134 2488 1271 2559 suscepit.
1309 2488 1395 2553 Ibem,

349 2575 368 2597 ‘¹
387 2571 512 2634 Edmdo,
533 2571 609 2642 Regi
627 2571 754 2642 Anglies‚
782 2573 861 2627 Scoti
889 2572 952 2627 sine
979 2572 1056 2627 bello
1081 2589 1113 2628 se
1140 2570 1340 2636 subdiderunt,
1367 2577 1398 2627 et

349 2658 368 2681 '⁴
388 2654 483 2709 eidem
495 2656 572 2726 Regi
584 2655 708 2720 Edredo,
723 2663 862 2726 tanquam
880 2656 1005 2721 domino,
1026 2650 1196 2712 fidelitatem
1205 2656 1395 2727 juraverunt3

349 2742 368 2764 “
388 2738 513 2807 quodam
525 2739 602 2793 Irico
614 2739 696 2810 Rege
709 2757 796 2810 super
808 2757 857 2794 eos
870 2741 1036 2795 constituto.
1063 2740 1139 2795 Item
1151 2758 1218 2796 cum
1229 2739 1395 2812 ³Rggarus,

350 2822 449 2876 “Rex
467 2821 593 2892 Angliae,
621 2822 733 2895 Regem
761 2824 914 2878 Scotorum
941 2824 1119 2895 Kynadium‚
1146 2829 1177 2878 et
1203 2823 1397 2879 Oumbrorum

350 2910 369 2932 ‘⁸
388 2906 586 2970 Maleoliuum,
601 2906 713 2976 Regem
728 2906 905 2970 Insubrum,
920 2907 1105 2971 Malkerium‚
1127 2912 1157 2961 et
1176 2907 1248 2962 alios
1268 2909 1397 2978 quinque

350 2993 369 3016 ⁴⁴
387 2990 589 3059 ‘subregulos
618 2990 756 3045 videlicet
787 2990 1000 3054 Doneualdum,
1030 2990 1141 3061 Syfolh,
1170 2990 1395 3055 Huneualdum,

350 3076 369 3099 “
389 3073 489 3139 Jacob,
510 3079 540 3128 et
557 3073 685 3137 Ruehill,
700 3074 895 3146 subjugasset,
916 3080 946 3130 et
963 3072 1132 3145 remigando
1150 3091 1202 3144 per
1220 3074 1343 3129 fluvium
1360 3073 1397 3129 de

351 3162 369 3184 ⁸¹
389 3158 450 3213 Dee
459 3158 545 3229 juxte
557 3157 710 3222 Cestriam,
725 3161 755 3213 iu
774 3159 898 3230 quadarn
910 3159 978 3213 navi
988 3176 1079 3230 prope
1091 3175 1208 3230 proram
1221 3157 1353 3222 sedisset,
1367 3163 1397 3213 et

351 3245 370 3268 “
388 3243 487 3298 navim
513 3243 636 3313 ipsemet
660 3243 860 3313 gubernasset,
889 3244 983 3298 fertur
1008 3244 1070 3314 ipse
1088 3241 1197 3297 dixisse
1215 3259 1397 3298 successores

352 3331 370 3353 ‘⁶
389 3345 457 3383 suos
484 3345 568 3399 posse
596 3327 717 3397 gloriari
745 3345 776 3382 se
802 3328 899 3398 Reges
924 3327 1088 3398 Auglorum
1122 3344 1196 3391 esse,
1225 3344 1292 3382 cum
1316 3332 1397 3382 tauta

350 3414 369 3438 “
387 3411 505 3466 honoris
523 3413 717 3482 praerogative
735 3413 909 3476 fruerentur,
930 3411 1008 3483 quod
1026 3412 1186 3482 subjectam
1202 3410 1398 3467 haberenttot

352 3500 493 3567 “regum
511 3498 679 3567 potentiam.
717 3497 789 3552 Post
806 3497 918 3552 dictum
944 3496 1103 3567 Edgarum,
1133 3497 1297 3552 successive
1331 3513 1397 3567 reg·

353 3583 370 3606 ¹⁸
389 3588 532 3635 naverunt
550 3580 646 3651 Reges
664 3581 791 3652 Angliae,
815 3581 938 3636 Sanctus
957 3581 1117 3636 Edwardus
1144 3581 1267 3651 Martyr‚
1296 3580 1396 3635 Ethel-

353 3668 371 3689 “
389 3663 486 3727 reduc,
523 3665 612 3720 frater
647 3665 719 3736 ejus,
754 3664 924 3720 Edmundus
959 3665 1054 3720 dictus
1086 3661 1288 3730 “Yrenside:
1318 3665 1397 3720 filius

353 3751 371 3772 ‘⁶
390 3747 550 3812 athelredi,
571 3754 600 3803 et
618 3749 741 3812 Cnutus,
762 3750 811 3819 qui
831 3766 932 3804 eorum
949 3749 1129 3821 temporibus
1146 3767 1271 3821 regnum
1291 3749 1397 3805 Scotiae

353 3833 370 3856 ‘⁴
390 3831 420 3885 in
438 3850 492 3886 sua
510 3832 688 3902 subjectione
706 3834 825 3904 pacifice
837 3839 1001 3888 tenuerunt.
1039 3833 1105 3888 Hoc
1117 3832 1256 3889 duntaxat
1267 3840 1396 3903 excepto,

353 3918 370 3939 “
390 3916 468 3985 quod
486 3917 700 3986 quintodecimo
718 3935 792 3970 anno
812 3916 899 3971 Onuti
921 3916 1062 3988 preadicti,
1082 3917 1160 3971 idem
1186 3917 1300 3972 Onutus
1329 3918 1396 3972 Sco·

352 4001 370 4023 ⁴⁶
390 3999 464 4053 tiam'
479 4000 677 4065 rebellantem,
690 3997 879 4071 ‘expeditione
898 4001 969 4055 illuc
987 4001 1083 4064 ducta,
1104 4008 1134 4056 et
1151 4001 1263 4072 Regem
1292 4002 1397 4057 Scotiss

353 4086 370 4108 ‘⁶
389 4082 590 4148 Malcolinum,
610 4103 701 4156 parvo
729 4085 854 4155 subjecit
880 4087 1007 4156 negotio,
1027 4085 1221 4155 subditusque
1240 4091 1286 4141 est
1302 4085 1397 4140 eidem

333 4181 340 4208 ν
352 4169 370 4194 “
390 4168 547 4238 praedictus
559 4169 741 4224 Malcolinus.
753 4168 863 4237 Quibus
876 4169 1033 4233 Humidus,
1042 4168 1121 4223 filius
1134 4168 1231 4233 Cnuti,
1243 4174 1273 4224 et
1283 4168 1397 4224 Harde-

353 4263 370 4284 '‘
389 4262 494 4313 cnutus
513 4254 603 4307 frater
628 4252 701 4323 ejus,
721 4271 796 4307 unus
814 4258 881 4323 post
898 4252 989 4306 alium
1016 4252 1113 4323 Reges
1130 4252 1256 4322 Angliae,
1285 4269 1398 4308 succes·

353 4346 371 4368 ‘⁴
390 4345 499 4397 serunt.
539 4336 650 4405 Quibus
663 4338 706 4392 sic
717 4338 916 4408 regnantibus,
931 4336 1140 4407 subjectionem
1151 4336 1301 4407 pacificam
1312 4337 1397 4407 regni

353 4430 370 4452 ‘⁶
391 4424 495 4481 Scotisu
515 4422 686 4483 habuenmt,
725 4421 809 4484 Item,
840 4422 964 4477 Sanctus
991 4420 1161 4482 Edwardus,
1191 4419 1253 4473 Rex
1269 4418 1396 4490 anglise,

353 4513 371 4536 ‘⁸
391 4524 514 4579 regnum
534 4505 638 4560 Scotiae
656 4504 821 4566 Maleolinn
842 4505 902 4559 filio
921 4504 1014 4576 Regis
1039 4504 1243 4567 cumbrorum,
1263 4502 1345 4559 dedit
1361 4503 1397 4559 de

353 4596 372 4621 ‘⁸
391 4609 422 4648 se
442 4589 605 4646 tenendum.
651 4589 736 4653 Item,
755 4589 921 4644 Willelmus
940 4588 1110 4653 Basterdus,
1139 4587 1201 4641 Rex
1225 4587 1352 4658 Anglius,
1380 4607 1399 4644 a

386 4847 393 4878 ¹
411 4843 666 4908 Supptiediualater
677 4843 752 4894 band.
935 4843 945 4871 ⁵
962 4839 1079 4904 Iroseyde
1095 4838 1122 4888 iu
1140 4839 1183 4889 the
1194 4840 1296 4904 printed
1313 4847 1396 4900 textas

384 4927 395 4956 ²
410 4923 579 4973 dissentionem
591 4923 616 4970 iu
628 4923 691 4987 orig.
907 4920 1024 4972 Yreuside
1044 4919 1069 4970 iu
1095 4920 1245 4987 Rishauger,
1268 4922 1318 4971 aud
1340 4921 1396 4973 MS.

385 5006 395 5034 ⁸
411 5003 456 5053 Sic
467 5003 494 5052 iu
506 5002 582 5066 orig.;
600 5004 639 5051 sor
650 5002 776 5069 Edpom.
902 5001 970 5051 Bibl.
982 5000 1045 5066 Reg.
1060 5003 1089 5050 1³
1101 5000 1131 5050 E.
1144 4999 1182 5050 ix.

386 5084 396 5114 ⁴
411 5079 553 5148 subregulus
564 5081 590 5129 in
602 5081 665 5146 orig.
