3750 6250
489 1048 554 1112 204
821 1062 951 1111 rnornu
974 1059 1209 1111 irammurmu

320 1244 388 1298 AD·
403 1251 474 1297 ¹³³⁹·
488 1253 507 1277 ‘⁴
528 1250 759 1307 ‘constitutione
770 1249 819 1305 vel
831 1249 1070 1321 interpretatione
1085 1249 1173 1319 juris,
1194 1266 1267 1321 qum
1285 1243 1623 1320 quoedhocpm'i·ua1fi

487 1341 506 1362 ‘⁶
529 1337 536 1362 ‘
551 1335 617 1390 ficet
629 1335 786 1390 indentitas
798 1335 930 1389 rationis.
956 1333 1073 1388 Nedum
1086 1341 1184 1388 eutem
1195 1333 1294 1388 debita
1304 1334 1399 1389 nostri
1410 1330 1533 1392 vocatio.
1546 1331 1605 1406 ⁶⁵².

488 1423 506 1446 “
529 1424 535 1446 ¹
549 1427 704 1490 nostraque
723 1419 862 1481 defensio,
883 1419 933 1472 ubi
946 1417 983 1472 do
995 1424 1076 1473 tanto
1087 1425 1187 1473 nostro
1199 1419 1341 1490 agebatur
1351 1416 1533 1490 prejudicio,
1544 1393 1623 1510 ἐξ

488 1507 507 1530 ·‘
529 1509 597 1558 ‘est
615 1505 732 1568 emissa,
753 1502 805 1558 sed
824 1505 912 1557 etium
922 1503 1016 1557 nostri
1025 1507 1239 1574 procuratores,
1260 1503 1362 1573 quiin
1378 1502 1535 1558 mannam
1545 1527 1620 1593 pm

487 1592 506 1615 “
528 1589 650 1650 ‘ierunt
672 1597 705 1643 ut
722 1606 775 1660 pro
801 1588 884 1642 nobis
913 1595 942 1642 et
967 1595 1067 1642 nostro
1081 1588 1149 1658 jure
1172 1587 1304 1659 legitime
1322 1593 1534 1660 comparerent,

487 1676 505 1699 “
526 1676 603 1727 ‘non
622 1673 717 1728 solum
742 1673 860 1726 suerunt
878 1671 1035 1741 injudicio
1052 1689 1110 1725 nou
1127 1671 1258 1736 admissi,
1278 1671 1330 1726 sed
1348 1672 1453 1728 mortis
1471 1672 1535 1726 hor·

487 1759 506 1783 “
527 1757 644 1812 ‘ribilis
675 1756 897 1812 comminatione
928 1754 1049 1827 repulsi.
1105 1755 1144 1809 Et
1180 1756 1222 1810 sie
1257 1761 1391 1810 nostrum
1426 1773 1534 1811 memo·

487 1843 505 1868 ‘⁸
527 1843 644 1896 ‘ratum
669 1841 798 1906 utillum,
837 1842 947 1895 sactum
977 1839 1132 1894 duodecim
1161 1841 1277 1912 parium
1307 1840 1442 1896 Fbuncioe
1478 1857 1534 1895 non

486 1929 505 1951 ‘⁴
527 1928 677 1988 ‘excusat
698 1926 749 1996 qui
767 1924 863 1996 quoad
889 1942 952 1988 nos,
980 1924 1087 1994 quibus
1117 1923 1213 1979 aetatis
1238 1925 1355 1980 tenella
1381 1925 1533 1980 minoritas

487 2012 505 2035 “
527 2013 618 2066 ‘tunc
649 2010 775 2072 favebat,
808 2009 921 2063 relictis
955 2008 1088 2079 partibus
1118 2008 1263 2078 judicum,
1289 2027 1325 2064 ex
1356 2009 1412 2064 hoc
1442 2009 1532 2064 functi

486 2097 505 2120 “
527 2093 682 2164 ‘partibus
713 2099 782 2149 sunt
812 2091 992 2164 praedonum.
1052 2090 1182 2160 Quorum
1212 2110 1393 2163 processum,
1423 2093 1531 2149 factum

486 2181 505 2204 “
527 2179 579 2232 ‘in
611 2187 743 2234 nostrum
772 2176 988 2248 praejudicium,
1015 2176 1080 2246 ipso
1109 2176 1178 2246 juro
1198 2185 1300 2232 nostra
1329 2176 1401 2232 fecit
1429 2176 1534 2232 invali-

486 2265 505 2288 “
526 2263 618 2318 ‘dum
643 2264 738 2316 minor
762 2268 855 2325 rutas3
881 2261 932 2330 qui
970 2260 1065 2330 quoad
1089 2259 1229 2330 majorem
1254 2261 1353 2315 efficax
1378 2277 1438 2315 nen
1465 2260 1534 2316 suis-

487 2349 505 2371 '‘
527 2348 603 2411 ‘sct,
635 2347 735 2401 taliter
771 2344 939 2398 defensioue
973 2343 1098 2409 sublate,
1142 2362 1207 2415 quoe
1243 2343 1384 2416 competit
1423 2343 1534 2400 homini

487 2431 506 2456 “
528 2434 584 2483 ‘ex
603 2431 672 2499 jure
695 2436 817 2490 natura,
845 2427 922 2498 quod
948 2428 1011 2482 tolli
1036 2428 1138 2498 nequit
1158 2446 1176 2482 a
1194 2428 1326 2500 principe
1346 2445 1400 2484 nec
1421 2447 1440 2484 a
1461 2429 1534 2500 jure.

487 2515 505 2539 ‘⁶
528 2514 660 2569 ‘Notum
684 2513 772 2567 etiarn
793 2512 988 2567 communiter
1012 2521 1057 2566 est
1077 2512 1199 2581 ubique,
1226 2513 1353 2583 qualiter
1383 2513 1416 2567 in
1445 2513 1535 2584 Aqui-

487 2599 505 2623 “
527 2598 654 2651 ‘tarmiae
678 2603 777 2651 nostro
801 2596 918 2650 Ducatu
943 2613 1058 2665 semper
1082 2596 1223 2651 invaserit
1247 2601 1277 2650 et
1300 2595 1444 2652 cclliscrit
1470 2597 1536 2669 jura

487 2684 506 2707 “
528 2683 658 2746 ‘nostra
684 2689 776 2736 terras
796 2687 910 2735 nostras
935 2679 1075 2735 invadens
1100 2686 1130 2734 et
1153 2680 1309 2751 dissipans,
1336 2697 1410 2751 quas
1434 2697 1535 2752 capere

487 2768 506 2792 ‘⁶
529 2766 654 2837 ‘potnit
675 2766 741 2820 aliis
754 2766 862 2820 nostris
875 2764 964 2818 terris
985 2782 1058 2835 quas
1073 2765 1227 2836 occuparit
1243 2765 1417 2836 adjungens,
1430 2771 1471 2829 ct,
1488 2766 1535 2837 jus

487 2851 507 2876 “
528 2849 605 2904 ‘sibi
630 2849 729 2904 dicens
750 2848 788 2903 ad
808 2849 935 2912 libitum,
957 2847 1014 2902 Dei
1034 2848 1140 2903 timore
1158 2850 1327 2919 postposito,
1347 2848 1406 2904 sibi
1424 2855 1534 2905 terrem.

487 2936 505 2960 “
528 2937 534 2960 ‘
550 2933 630 2989 Secti
643 2933 740 2998 etiam,
755 2951 828 3003 quos
840 2939 948 2987 nostrae
960 2949 1073 2986 coronae
1086 2932 1271 3002 subjecerant
1284 2933 1355 3003 jura
1371 2938 1535 3005 temporum

486 3020 505 3045 ‘⁴
527 3019 744 3089 ‘antiquorum
767 3016 818 3071 sed
840 3017 942 3085 iniqua
962 3017 1130 3071 rebellionis
1156 3016 1326 3080 ¹dcmentia,
1358 3023 1461 3072 contm
1489 3035 1535 3072 nu·

487 3106 506 3131 “
528 3107 536 3131 ‘
550 3103 676 3159 turalem
687 3102 837 3157 dominnm
853 3100 1048 3162 calcitrantes,
1066 3099 1242 3155 2ο-οιιῒὶιιιιιιῒὶ
1256 3100 1285 3154 in
1297 3106 1414 3157 nostros
1426 3099 1534 3174 praede·

487 3192 507 3216 ‘⁶
528 3193 535 3216 ‘
549 3206 679 3244 cessores
692 3194 722 3242 ct
734 3205 795 3249 nos,
810 3185 887 3241 laesae
899 3185 1063 3256 majestatis
1075 3185 1207 3239 criminis
1219 3185 1263 3239 rci
1276 3192 1367 3249 erant,
1387 3192 1423 3241 ut
1439 3192 1536 3241 contm

487 3276 506 3299 ‘⁶
528 3276 600 3327 ‘uos
621 3271 694 3327 nihil
713 3270 830 3341 iujuriae
842 3269 1000 3332 omitteret,
1023 3269 1060 3322 ad
1077 3275 1192 3323 nostras
1212 3268 1334 3339 iujurias
1355 3268 1469 3325 foedere
1488 3268 1535 3325 ad·

488 3359 506 3382 '⁴
529 3356 653 3426 ‘junxit
673 3355 704 3408 in
723 3360 803 3408 tanto
816 3352 937 3406 erimine
957 3358 1064 3405 nostrie
1077 3351 1193 3422 injuriae
1206 3353 1306 3407 fovens
1319 3370 1378 3417 eos,
1401 3354 1453 3424 qui
1470 3354 1535 3424 jum

488 3443 506 3464 “
528 3443 535 3465 ⁴
550 3439 700 3508 sanguinis
714 3445 743 3491 et
756 3444 866 3491 naturae
880 3434 981 3488 debuit
991 3435 1087 3505 potius·
1100 3453 1152 3489 nos
1163 3435 1276 3504 ΙᾗιιιίιιὌ.
1317 3436 1452 3507 Cumque
1465 3454 1534 3507 prat·

488 3528 506 3548 ⁸·
529 3524 639 3575 ‘missa
652 3523 748 3575 (arimin
766 3539 821 3574 non
843 3520 998 3590 implerent
1010 3518 1046 3571 tle
1059 3520 1166 3573 nestris
1187 3519 1303 3589 injuriis
1316 3531 1419 3575 votum
1439 3539 1531 3585 suum,

488 3611 506 3632 ‘¹'
529 3606 678 3659 ‘collectis
697 3605 826 3673 undiquc
845 3603 968 3663 viribus,
991 3602 1131 3671 ‹piloquid
1151 3603 1253 3671 potuit,
1278 3609 1311 3657 ut
1330 3623 1381 3658 nos
1405 3605 1457 3659 irre
1478 3622 1534 3659 sua>

488 3693 507 3715 “
529 3692 663 3743 ‘torrens
688 3689 850 3750 absorbent,
874 3687 1059 3753 aggregavit,
1085 3686 1189 3739 tollere
1213 3705 1265 3739 uos
1290 3687 1326 3740 de
1351 3688 1462 3742 inundo
1483 3689 1534 3743 sol·

489 3779 506 3801 “
530 3774 658 3831 'licitus
673 3771 709 3825 ud
731 3771 804 3824 illud
824 3790 878 3823 non
896 3770 1050 3824 '⁰'intentos.
1074 3771 1195 3824 sor-sian
1209 3790 1242 3823 ex
1263 3772 1374 3826 intento
1394 3774 1471 3828 latete
1484 3790 1533 3828 suo

488 3863 506 3885 ‘⁶
530 3863 649 3911 ‘eontra
668 3875 730 3919 nos,
752 3866 883 3909 nostrum
897 3862 998 3908 eontra
1018 3872 1048 3907 se
1069 3855 1189 3908 metitus
1209 3856 1363 3920 intentum,
1384 3858 1464 3927 quod
1482 3858 1534 3913 col·

488 3946 507 3970 ‘⁴
529 3942 643 4009 ‘ligere
662 3940 709 3992 vel
734 3939 831 3993 metiri
856 3938 990 4007 nequivit
1014 3956 1067 4007 per
1088 3939 1213 4007 alicujus
1232 3946 1313 3992 actim
1338 3942 1434 3995 nostri
1460 3942 1534 4011 judi·

487 4029 506 4053 “
528 4025 628 4079 ‘cium
658 4021 786 4076 nondum
810 4029 916 4075 nettun.
968 4020 1083 4074 Donum
1114 4021 1235 4091 insuper
1258 4023 1340 4076 nobis
1373 4025 1533 4095 impensum

488 4114 506 4137 ‘⁶
529 4108 641 4163 ‘divini
674 4106 804 4159 muneris
841 4122 919 4175 aegre
952 4107 1058 4167 leteris,
1092 4106 1233 4159 extimare
1264 4107 1346 4160 visus
1377 4114 1424 4163 est
1454 4126 1532 4163 sirum

487 4199 504 4222 “
527 4191 684 4264 ‘injurium
710 4191 736 4243 in
751 4189 867 4257 Angliar
887 4208 977 4257 iargire
998 4195 1098 4243 nostre
1117 4209 1169 4243 nos
1190 4191 1289 4243 vivere
1309 4209 1398 4261 super
1419 4200 1531 4254 terram,

488 4282 506 4304 ‘⁶
529 4277 604 4331 ‘etsi
630 4283 771 4345 quantum
790 4272 877 4326 dabat
901 4272 1044 4327 Dominus
1069 4291 1216 4344 prospere,
1240 4274 1344 4328 saltent
1370 4277 1534 4346 peremnia

488 4364 507 4388 “
529 4359 668 4431 ‘pamfice
691 4357 786 4428 quoad
807 4374 883 4420 eum,
911 4356 1046 4428 quodque
1069 4359 1198 4412 serviens
1223 4358 1307 4412 nobis
1331 4360 1469 4430 populus,
1490 4358 1532 4413 vel

489 4449 507 4472 “
529 4446 658 4507 ‘verius
673 4444 721 4498 cui
741 4441 895 4499 servimus.
922 4442 1030 4495 nostris
1052 4443 1241 4513 temporibus,
1262 4441 1317 4496 Dei
1340 4443 1425 4507 donc,
1449 4444 1550 4499 suerit'

489 4531 508 4554 “
529 4531 536 4555 ‘
550 4529 704 4598 gloriosus.
752 4527 825 4580 llaec
856 4533 962 4588 alitem,
996 4545 1050 4579 non
1083 4527 1182 4580 stettim
1207 4527 1307 4580 audita
1330 4528 1378 4581 rel
1410 4529 1529 4599 cognitu,

489 4615 508 4638 “
530 4614 602 4663 ‘nos
632 4618 793 4667 moverunt.
828 4609 878 4662 sed
910 4610 960 4663 illa
990 4610 1044 4662 sub
1075 4610 1306 4664 dissirmtlatione
1335 4614 1528 4671 transivimus,

1068 4785 1128 4790 -—
1180 4786 1187 4792 .
1219 4786 1372 4793 ...-......-
1407 4784 1516 4796 ..m—.-.0

523 4898 528 4925 ¹
541 4895 688 4953 (irrorantiam,
699 4898 769 4946 Harl.
784 4905 839 4948 6:55.
1033 4913 1097 4962 copy
1107 4900 1239 4961 preserved
1248 4898 1274 4946 in
1288 4899 1431 4967 Avesbury.

522 4977 720 5037 2ωιιὶιιηιαιιϊεν,
741 4980 872 5043 correetly,
896 4979 921 5027 in
946 4979 987 5028 tlte
1067 4978 1353 5039 ³neortur‚11arl.ctt.
