3750 6250
492 1067 556 1131 164
820 1077 950 1127 tusus
972 1076 1207 1127 nsnsrxom

322 1257 392 1309 ΑΙ).
412 1264 482 1309 ¹³22·
494 1275 572 1324 runt.
592 1261 702 1332 rapinis
720 1259 905 1330 indulgentes
924 1260 1033 1329 abique
1050 1259 1087 1314 ad
1105 1275 1246 1330 magnum
1262 1257 1368 1330 patria
1383 1271 1543 1314 nocumen-
1553 1257 1626 1310 ’Νι

494 1359 568 1400 tum.
606 1343 683 1412 Quos
694 1346 846 1414 evestigio
858 1344 921 1398 Rex
935 1345 1100 1415 insequens,
1110 1343 1221 1415 reperit
1230 1342 1369 1397 collectos
1380 1357 1411 1398 et
1423 1355 1542 1414 pantos
1553 1331 1626 1443 m

493 1429 530 1484 ad
549 1431 745 1484 resistentiam
762 1428 937 1483 faciendam.
975 1428 1253 1500 Impediveruntque
1272 1426 1385 1500 Regem
1409 1443 1465 1498 per
1480 1439 1543 1482 tm
1621 1463 1626 1507 l

493 1512 556 1568 dies
586 1514 746 1574 continuos.
784 1512 937 1583 quominus
971 1527 1088 1583 pontem
1118 1510 1204 1566 dietae
1233 1510 1313 1564 rillae
1342 1509 1380 1564 de
1410 1509 1583 1577 Bartonen

493 1596 617 1650 transire
650 1611 756 1668 posset.
796 1595 898 1650 occisis
935 1595 1110 1664 quibusdam
1139 1594 1176 1649 de
1206 1594 1298 1665 Regis
1328 1593 1463 1649 exercitu
1491 1593 1544 1665 qui

493 1695 608 1750 pontem
627 1680 753 1734 transire
771 1679 930 1733 animosius
950 1680 1137 1742 institerunt3
1164 1678 1242 1733 unde
1268 1677 1331 1731 Rex
1348 1691 1474 1733 coaetus
1498 1689 1545 1732 est

493 1765 649 1819 transitum
668 1761 784 1818 aliunde
803 1780 935 1833 numere
953 1762 1031 1817 ultra
1048 1763 1197 1818 Trentam.
1226 1761 1410 1816 Pertransito
1426 1762 1545 1817 Treun

328 1856 465 1922 'l'teKing
493 1847 592 1911 flutio,
624 1847 686 1902 Rex
705 1846 851 1901 hostiliter
880 1847 1024 1917 equitavit
1055 1864 1159 1902 sersus
1189 1845 1319 1901 Comites
1345 1845 1544 1917 supradictam.

328 1925 446 2002 Μ
493 1931 618 1986 Thomas
637 1948 707 1984 tero
725 1929 841 1992 Comes.
861 1930 964 1984 videns
978 1931 1042 2000 jam
1068 1948 1116 1984 res
1141 1930 1192 2000 agi
1209 1947 1264 2001 pro
1287 1930 1448 2001 capitibus,
1476 1947 1545 1985 eum

327 1999 429 2054 ΨΜ
493 2015 555 2070 suis
573 2012 869 2085 commanipularibus
888 2014 960 2067 exiit
977 2012 1078 2066 villam
1096 2013 1133 2067 de
1158 2013 1297 2074 Burtone.
1324 2025 1355 2068 et
1381 2013 1545 2068 exercitum

327 2057 403 2106 um
494 2097 523 2152 in
542 2116 644 2169 eampo
662 2098 765 2152 statuit
783 2111 882 2151 contra
900 2096 1024 2166 Regem,
1042 2107 1197 2168 expectans
1216 2096 1309 2167 Regis
1326 2096 1488 2152 adrentum
1514 2097 1546 2150 in

329 2195 456 2245 nem
494 2181 595 2236 odem
614 2198 724 2252 eampo.
764 2179 822 2234 Sed
839 2199 906 2234 eum
919 2181 1042 2235 uidisset
1054 2180 1146 2252 Regis
1164 2182 1546 2244 exercitumtamnumero

327 2263 475 2312 ollam·
494 2284 582 2336 quam
612 2265 740 2336 potentia
765 2263 857 2318 multo
883 2265 944 2318 suis
971 2266 1212 2336 praestantiorem.
1240 2264 1381 2319 confusus
1406 2265 1488 2335 fugit
1515 2264 1546 2318 in

326 2330 446 2443 ¹²¹3ss
494 2349 619 2403 dedecus
638 2349 856 2419 sempiternum.
895 2348 930 2402 In
949 2348 1090 2419 fugiendo
1100 2366 1180 2414 tero,
1193 2349 1325 2403 diversas
1343 2349 1416 2404 fecit
1433 2348 1546 2419 depru-

327 2403 353 2444 η’
383 2396 445 2458 'm
494 2433 624 2488 elationes
664 2433 811 2486 Baronum
842 2432 997 2496 exercitus,
1028 2432 1099 2486 dum
1125 2435 1154 2487 vi
1180 2451 1237 2487 non
1263 2443 1379 2488 tantum
1402 2431 1545 2488 victualia

494 2535 548 2587 per
564 2518 643 2571 uiam
660 2516 786 2587 rapiunt.
807 2515 858 2569 sed
885 2516 973 2569 etiam
999 2516 1175 2572 substantias
1199 2516 1345 2589 diripiunt
1369 2516 1543 2572 inoolarum.

494 2600 557 2655 Nec
576 2601 693 2670 segnior
711 2599 772 2653 Rex
791 2600 868 2670 ipsos
888 2599 1034 2669 fugientes
1047 2601 1241 2671 persequitur,
1260 2600 1354 2656 dietas
1371 2601 1545 2656 continuans

495 2693 580 2754 prout
605 2682 783 2754 possibilitas
812 2683 993 2753 suppetebat.
1042 2684 1168 2739 Thomas
1193 2702 1265 2739 vero
1293 2684 1330 2740 de
1360 2684 1543 2746 Ianeastria,

493 2785 560 2821 enm
579 2766 740 2821 Daronibus
753 2784 787 2820 ex
800 2765 927 2821 exercitu
940 2766 1091 2832 soederato,
1109 2767 1290 2839 pervenitad
1301 2768 1542 2838 Bourhgbrigge,

493 2850 542 2905 nbi
562 2862 732 2921 repererunt
750 2867 885 2920 magnam
904 2851 1101 2905 resistentiam
1127 2850 1185 2905 ¹de
1210 2851 1383 2906 Borealibus
1408 2851 1542 2923 partibus
1554 2854 1626 2908 ΗΜ

491 2943 708 3004 congregatam.
745 2933 859 3004 Nempe
887 2934 924 2988 ad
949 2934 1061 2989 dictum
1087 2934 1184 2989 locam
1211 2942 1407 2991 convenerant
1434 2933 1541 2990 Custos
1553 2925 1626 3002 Res-¹

491 3018 624 3082 Elmraci
644 3018 786 3072 Dominus
806 3017 1050 3088 symonnarde,
1069 3027 1099 3073 et
1117 3017 1224 3074 Custos
1242 3018 1385 3078 Karleoli.
1398 3019 1542 3073 Dominus
1553 2991 1623 3041 ω

491 3102 623 3158 Andreas
643 3102 780 3159 Herkele.
801 3120 866 3157 eum
887 3102 1040 3157 sufficienti
1058 3120 1145 3157 mana
1164 3101 1201 3157 ad
1219 3102 1411 3175 pugnandum
1428 3103 1543 3175 parati3

492 3187 542 3241 nbi
562 3205 628 3242 cum
656 3187 800 3241 Dominus
827 3186 1005 3241 Hnmsridas
1032 3187 1068 3241 de
1093 3187 1187 3251 Boun,
1216 3188 1321 3242 Comes
1348 3188 1543 3251 Heret'ordim,

491 3280 608 3340 pontem
627 3272 752 3326 transire
777 3270 927 3333 voluisset,
948 3288 966 3324 a
984 3271 1108 3341 quodam
1128 3271 1182 3324 snb
1199 3279 1287 3342 ponte
1312 3271 1421 3327 latente
1445 3272 1547 3327 huosa

492 3356 648 3410 transfixus
666 3363 721 3417 est,
741 3363 770 3409 et
788 3368 957 3425 peremptus
976 3354 1094 3409 ibidem.
1113 3355 1239 3409 Thomas
1264 3373 1334 3409 vero
1361 3356 1398 3410 de
1421 3355 1547 3412 lancas-

492 3440 558 3499 tria.
579 3458 636 3492 non
653 3439 753 3492 valens
773 3438 916 3492 sustinere
934 3438 1047 3508 pondus
1066 3438 1162 3509 proelii
1181 3440 1212 3493 in
1230 3457 1297 3493 enm
1315 3441 1405 3503 versi,
1430 3458 1486 3495 nco
1509 3440 1546 3494 de

492 3521 555 3575 loco
569 3522 680 3590 frigere,
696 3534 797 3592 captus
811 3534 854 3574 est
867 3521 902 3574 ab
915 3521 1034 3574 Aridrea
1051 3521 1087 3574 de
1106 3522 1244 3579 Herkele.
1260 3522 1388 3576 Custode
1401 3522 1543 3587 Karleoli‚

492 3606 585 3659 milite
605 3605 757 3658 mediocris
778 3607 909 3659 sommas.
949 3606 1032 3676 Capti
1052 3618 1119 3660 sunt
1137 3607 1225 3660 etiam
1238 3606 1388 3661 abeodem
1401 3608 1544 3663 Dominus

492 3688 626 3755 Rogerns
639 3688 675 3741 de
688 3689 835 3752 (lisiardo,
850 3688 993 3742 Dominus
1006 3688 1026 3741 J
1027 3689 1152 3743 ohannes
1166 3689 1201 3743 de
1213 3689 1386 3761 llounbray,
1401 3692 1543 3746 Dominus

492 3772 628 3826 Warinus
648 3772 684 3825 ‹lo
703 3772 813 3834 Insula,
834 3791 900 3826 cum
920 3773 1019 3827 nintltis
1033 3773 1109 3835 aliis,
1130 3786 1159 3828 et
1177 3772 1295 3828 adducti
1308 3775 1345 3828 ad
1357 3775 1453 3846 Regis
1472 3795 1543 3848 pras·

492 3855 615 3910 sentiam
633 3855 669 3908 ad
689 3855 810 3909 Pontem
823 3855 977 3920 Fractum;
999 3856 1047 3909 nbi
1067 3855 1138 3919 Rex,
1159 3875 1226 3911 eum
1250 3857 1363 3913 duobus
1389 3858 1545 3932 Dispensa-

490 3940 613 4001 toribns‚
634 3939 760 4006 Hngono
780 3939 892 3992 seniore
911 3948 942 3993 et
959 3939 1087 4010 Hugone
1102 3940 1229 4010 juniore,
1249 3943 1428 3998 morabatur.

325 4023 480 4075 Thellarlis
527 4025 566 4079 Et
595 4041 660 4077 carm
692 4024 817 4077 Thomas
851 4022 956 4077 Comes
988 4024 1171 4079 introductas
1204 4025 1309 4080 fnisset
1334 4027 1365 4081 in
1389 4026 1502 4091 villam,
1526 4045 1543 4082 a

325 4092 551 4165 ¹¹¹³¹¹¹⁰⁸¹⁸²¹¹tota
587 4116 674 4177 gente
714 4106 828 4160 derisus
863 4114 917 4165 est.
952 4116 982 4161 ct
1016 4108 1193 4163 acclamatus
1232 4113 1250 4134 ‘⁴
1271 4110 1334 4163 Rex
1363 4111 1541 4175 Arthnrus,''

489 4201 520 4249 ot
543 4192 673 4262 undique
692 4190 894 4244 subsannatus.
945 4190 1029 4259 Quod
1058 4192 1257 4246 tantummodo
1283 4193 1364 4265 juste
1391 4195 1542 4251 dicebatur

490 4278 632 4332 accidisse
656 4276 721 4339 sibi,
748 4292 782 4328 eo
808 4274 885 4344 quod
916 4274 979 4346 ipso
1010 4275 1123 4345 Regem
1152 4276 1216 4347 pari
1247 4277 1342 4331 forma
1371 4278 1540 4335 dehonesta-

328 4358 375 4406 llie
388 4360 581 4425 formaverat,
626 4378 692 4416 cum
729 4358 791 4412 Rex
825 4376 928 4429 parum
967 4366 1033 4414 ante
1068 4377 1086 4412 a
1114 4360 1247 4429 partibus
1286 4361 1462 4419 Borealibus
1498 4363 1539 4418 di·

324 4428 432 4475 ⁰⁰¹¹d¹¹⁰t
490 4448 636 4509 vertisset,
650 4452 680 4500 et
692 4443 821 4498 venisset
839 4442 875 4497 ad
894 4442 1017 4498 Pontem
1036 4443 1184 4498 lhaetrrm.
1221 4444 1299 4499 Nam
1314 4446 1451 4513 Thomas,
1472 4448 1541 4503 irre·

325 4493 459 4623 {ssffisg
490 4537 624 4584 verenter
654 4528 809 4599 egrediens
841 4545 908 4582 cum
941 4528 1003 4582 suis
1035 4527 1211 4593 hominibus
1243 4529 1315 4583 exiit
1346 4537 1477 4586 castrum
1506 4530 1541 4587 ad

525 4838 664 4887 'Donato
686 4836 736 4887 this
755 4835 831 4901 point,
851 4837 892 4886 the
909 4852 994 4887 nana-
1038 4838 1186 4902 particulars
1209 4840 1291 4892 which
1315 4857 1358 4893 are
1379 4851 1425 4895 not
1454 4852 1481 4897 to
1510 4847 1540 4896 be

489 4919 541 4970 tivo
561 4919 725 4979 corresponds
736 4917 798 4965 with
814 4917 856 4966 the
868 4918 994 4983 language
1041 4920 1118 4968 found
1129 4921 1206 4976 there.
1218 4937 1265 4970 nor
1276 4922 1302 4971 in
1316 4923 1358 4972 the
1369 4940 1433 4991 very
1444 4926 1539 4977 similar

489 5002 520 5049 ot·
532 4998 574 5047 the
586 4997 691 5047 lleeord.
733 4995 755 5045 lt
775 5011 831 5044 now
842 5006 924 5048 enters
941 4999 994 5047 into
1038 5007 1144 5050 account
1155 5001 1231 5065 given
1243 5003 1277 5065 by
1288 5001 1456 5055 DelaMoor.
