3750 6250
308 1319 387 1490 ἧς.

715 1124 885 1177 merosus
899 1125 1111 1179 susumus.
1395 1114 1460 1179 109

406 1308 517 1381 Anglia
533 1310 709 1366 morabatur.
746 1309 833 1366 Hanc
851 1314 949 1366 antem
966 1308 1162 1376 comitissam,
1182 1310 1284 1367 eodem
1303 1320 1541 1384 annocap·A,1).
1560 1327 1632 1379 1³06.

408 1402 469 1451 tam
495 1394 532 1450 ab
558 1393 702 1465 Anglicis,
723 1412 791 1451 cnm
818 1394 937 1465 quidam
961 1395 1105 1466 perimere
1123 1393 1292 1461 voluissent,
1319 1414 1376 1452 nou
1392 1414 1458 1469 per·
1472 1404 1528 1457 The

308 1524 327 1570 ·.'
407 1480 490 1535 misit
507 1479 587 1535 Rex:
617 1479 669 1535 sed
695 1480 726 1534 in
751 1478 925 1535 domuncula
952 1478 1077 1549 quedam
1103 1479 1201 1551 lignea
1228 1499 1315 1553 super
1341 1499 1458 1537 murum
1470 1472 1638 1525 001111ωοί

1470 1538 1578 1592 Buchsn

408 1564 498 1620 castri
515 1563 666 1636 Berevyci
691 1564 787 1636 posita
812 1569 867 1630 cst,
887 1569 922 1619 ut
937 1569 1057 1636 possent
1083 1580 1147 1619 eam
1174 1566 1340 1637 conspicere
1363 1571 1456 1622 trans·
1469 1606 1595 1671 hemi„

407 1655 518 1705 euntes.
1469 1675 1575 1726 voodeu

442 1732 479 1788 Iu
505 1733 580 1788 festo
605 1732 801 1797 Pentecosten,
820 1733 993 1797 Edwardus,
1013 1732 1091 1787 fliius
1117 1732 1209 1804 Regis
1233 1733 1361 1805 Angliae,
1388 1752 1455 1790 cum
1468 1754 1537 1805 cuge.

405 1834 560 1872 numerosa
577 1818 715 1873 societate
736 1818 880 1888 juvenum
903 1816 1046 1872 nobilium
1065 1816 1224 1873 Londoniis
1242 1835 1260 1872 a
1276 1823 1360 1890 patre
1377 1818 1454 1874 mili.
1468 1822 1586 1885 mmd,

406 1902 517 1957 taribus
543 1902 633 1956 armis
657 1902 770 1957 cinctus
796 1907 850 1957 est.
895 1900 952 1969 Qui
973 1901 1084 1966 exinde,
1111 1918 1179 1956 cum
1204 1902 1332 1956 tironum
1356 1902 1455 1957 multi.
1467 1889 1561 1942 Prinos
1572 1891 1602 1970 91

405 1985 515 2050 tudine,
536 1985 664 2041 Scotiam
689 1986 864 2041 continuatis
889 1984 976 2040 dietis
1001 1984 1157 2049 contendit,
1177 1985 1214 2039 ad
1238 1985 1455 2056 reprimendum
1466 1955 1598 2084 gfff&

406 2075 525 2126 conatus
543 2068 664 2125 Roberti
683 2069 719 2124 de
737 2069 824 2134 Brus,
844 2070 987 2124 invasoris
1013 2070 1104 2141 regias
1129 2069 1301 2140 dignitatis3
1332 2086 1456 2140 proeces-
1467 2039 1592 2154 andgpro.

406 2159 505 2209 serant
521 2170 591 2208 vero
616 2171 683 2208 eum
700 2153 875 2223 Aymericus
901 2153 938 2208 de
955 2152 1111 2218 Valentiis,
1131 2152 1235 2210 Comes
1254 2152 1453 2219 Penbrochiae,
1468 2156 1542 2205 ceeia
1554 2164 1581 2208 to

405 2238 550 2293 rotenus
575 2237 777 2301 cecinisset,
806 2242 836 2293 et
860 2237 1008 2292 nemesus
1035 2237 1071 2293 us
1096 2236 1200 2308 Percy,
1227 2237 1309 2292 mass
1335 2255 1354 2292 a
1372 2238 1454 2309 nege
1468 2221 1596 2274 smnus

405 2339 472 2377 cum
489 2339 578 2376 mauu
593 2327 714 2385 armata,
733 2321 771 2376 ud
788 2322 871 2377 novis
898 2322 1025 2377 motibus
1050 2321 1253 2377 resistendum.
1292 2321 1360 2393 Ipse
1384 2339 1454 2377 vero
1468 2330 1563 2381 'ibana-

406 2406 476 2470 Rex,
496 2406 575 2463 lento
593 2406 688 2478 gradu
706 2410 833 2470 secutus,
855 2411 1065 2461 convocaverat
1081 2407 1250 2472 exercitum,
1272 2423 1358 2477 quem
1377 2406 1455 2478 apud
1467 2397 1564 2448 8ΰῇοΜ

405 2490 571 2546 Karliolum
592 2491 684 2561 jussit
708 2507 773 2545 esse
797 2496 932 2562 paratum
959 2490 990 2544 in
1015 2489 1161 2560 quindena
1188 2490 1287 2546 Sancti
1313 2489 1455 2547 Johsunis
1468 2464 1545 2517 ‘hm‘

406 2575 556 2646 Baptistae,
576 2575 607 2629 in
630 2592 784 2630 occursum
801 2574 855 2629 fllii
881 2575 937 2639 sui,
964 2592 1031 2629 cum
1057 2574 1159 2630 eodem
1178 2575 1303 2630 ulterius
1321 2592 1455 2647 progres-

407 2677 516 2714 surum.
562 2658 695 2722 Interim,
727 2657 872 2713 Robertns
902 2659 939 2713 de
969 2659 1056 2722 Brns,
1084 2659 1258 2715 circumiens
1288 2667 1397 2716 terram
1428 2668 1458 2717 et

407 2744 544 2815 homagia
578 2743 738 2797 multorum
780 2743 934 2813 recipiens,
973 2743 1133 2799 coadunato
1169 2745 1298 2800 exercitu
1334 2746 1459 2817 copioso,

409 2827 655 2900 appropinquavit
689 2825 768 2882 villoe
800 2825 901 2882 Sancti
931 2826 1084 2891 Johannis,
1115 2828 1146 2882 iu
1175 2828 1261 2898 cujus
1291 2829 1462 2900 praesidium

407 2928 501 2982 nuper
518 2911 676 2966 advenerat
692 2909 868 2980 Aymericus
886 2909 923 2963 de
941 2910 1087 2966 Valentiis
1106 2912 1301 2983 supradictus.
1338 2912 1461 2984 Equites

408 3001 505 3049 autem
537 2994 691 3048 Scotorum
721 3010 821 3049 omnes
850 2993 937 3048 lineis
969 3011 1058 3065 super
1088 3012 1169 3049 arma
1194 3013 1255 3061 sua,
1287 3013 1324 3051 ne
1355 2995 1463 3051 discer-

408 3086 557 3143 nerentur,
585 3077 680 3133 induti
707 3086 806 3144 eraut3
834 3094 869 3132 ex
894 3077 982 3149 jussu
1012 3078 1152 3150 principis
1180 3080 1226 3135 sui
1251 3081 1328 3135 novi.
1378 3079 1462 3136 Misit

410 3184 481 3237 ergo
500 3165 647 3221 Robertus
666 3164 702 3220 de
721 3165 808 3229 Brus,
829 3166 955 3222 invitans
982 3166 1172 3238 Aymericum
1197 3168 1234 3222 ad
1260 3184 1459 3239 congressum.

412 3249 468 3319 Qui
498 3250 657 3321 respondit,
690 3250 769 3321 quod
798 3268 866 3305 cum
896 3268 930 3305 co
955 3268 1014 3306 non
1038 3250 1086 3305 dis
1113 3250 1173 3315 ilio,
1201 3251 1253 3307 sed
1278 3252 1308 3306 in
1335 3253 1461 3308 crastino

412 3334 572 3390 dimicaret.
623 3333 747 3406 ‘Igitun
779 3334 966 3390 subtrahente
996 3351 1028 3390 se
1057 3335 1194 3399 Roberto,
1227 3352 1294 3390 cum
1323 3337 1394 3401 suis,
1424 3337 1461 3392 ad

326 3446 341 3489 ·‚
413 3420 539 3492 spatium
566 3419 653 3474 unius
671 3419 811 3482 milliarii,
832 3424 862 3475 ct
878 3418 998 3475 reficere
1023 3436 1054 3475 se
1072 3419 1195 3484 volente,
1213 3421 1461 3492 appropinquante

412 3503 485 3559 hora
524 3504 700 3575 vespertine,
735 3503 908 3573 Aymericus
943 3521 1010 3558 cum
1047 3503 1109 3558 suis
1143 3503 1263 3559 armatis
1299 3503 1459 3574 egreditur,

309 3647 317 3659 ,
413 3593 445 3643 et
476 3587 572 3642 subito
608 3587 815 3658 superveniens
853 3587 963 3652 Scotos,
1001 3586 1109 3642 multos
1139 3587 1287 3643 interemit
1324 3588 1459 3644 inermes.

413 3670 470 3727 Cui
499 3689 567 3727 cum
596 3669 808 3741 aliquantulum
844 3671 999 3736 Robertus,
1041 3671 1197 3742 ceterique
1237 3672 1288 3743 qui
1325 3689 1357 3728 se
1394 3691 1461 3729 cum

412 3754 562 3810 celeritate
580 3760 773 3821 armaverant,
794 3754 981 3819 restitissent,
1007 3754 1133 3820 tandem,
1158 3755 1383 3827 prevalentibus
1402 3756 1461 3812 An·

410 3839 506 3912 glicis,
535 3841 638 3910 fugere
666 3846 735 3894 sunt
760 3839 861 3894 coacti.
910 3838 988 3908 Quos
1013 3839 1162 3895 insecutus
1188 3840 1363 3910 Aymericns
1393 3859 1460 3897 oum

411 3924 472 3979 suis
490 3941 584 3995 usque
603 3924 633 3977 in
656 3922 783 3978 insulam
808 3923 845 3977 do
870 3922 995 3995 Kentyr,
1023 3930 1152 3979 casuum
1170 3923 1251 3980 illius
1269 3924 1333 3989 ioci,
1353 3932 1459 3997 putans

411 4006 571 4062 Robertnm
589 4025 620 4062 so
632 4006 777 4078 recepisse
789 4006 821 4061 in
833 4024 876 4071 eo,
890 4007 1013 4063 obsedit.
1052 4007 1226 4079 Expugnatc
1238 4015 1336 4064 tamen
1354 4015 1458 4074 castro,

409 4109 466 4146 uon
483 4109 551 4147 eum
576 4091 696 4154 invenit,
717 4091 786 4162 quia
810 4092 928 4162 fugerat
952 4091 989 4146 ud
1014 4097 1157 4148 extremas
1182 4093 1294 4149 insulas
1312 4093 1458 4162 regionis3

410 4175 462 4230 sed
479 4193 598 4230 uxorem
616 4193 650 4231 ac
676 4176 797 4231 matrem
822 4194 918 4240 suum,
947 4176 1110 4247 Nigellum‚
1138 4177 1180 4232 ibi
1205 4179 1291 4249 oepit,
1311 4195 1377 4233 oum
1397 4178 1460 4248 qui·

409 4259 532 4314 busdam
557 4260 641 4325 aliis,
674 4277 748 4331 quos
775 4277 874 4315 omnes
901 4277 995 4331 usque
1028 4262 1210 4318 Berewicum
1243 4262 1313 4316 iecit
1342 4260 1456 4317 deduci.

409 4341 476 4397 Non
493 4343 588 4398 multo
611 4349 686 4414 post,
706 4348 808 4415 captus
827 4350 873 4398 est
899 4342 1005 4399 Comes
1031 4345 1066 4398 de
1092 4345 1191 4408 Athel,
1221 4345 1271 4415 qui
1296 4342 1332 4397 de
1363 4350 1458 4399 castro

411 4426 527 4497 ingerat
546 4427 700 4483 antedicto.
739 4426 825 4481 Circa
843 4427 951 4482 festum
971 4426 1070 4483 Sancti
1087 4427 1241 4483 Michaelis
1260 4445 1394 4483 reversus
1413 4437 1459 4483 est

410 4508 555 4565 Robertus
574 4509 609 4565 de
634 4510 712 4565 Brus
737 4528 830 4581 usque
857 4510 1002 4582 Keyntyr,
1031 4517 1062 4567 et
1088 4511 1217 4567 Henrieo
1244 4510 1280 4565 de
1307 4511 1402 4584 Percy
1426 4512 1458 4566 in

410 4594 571 4665 propinquo
596 4594 730 4649 existenti
763 4594 978 4665 superveniens,
1013 4594 1154 4664 quosdam
1186 4594 1223 4649 de
1253 4595 1364 4650 familia
1392 4597 1457 4668 ejus

417 4795 465 4802 ——
489 4795 786 4804 --.——.——-..—.-.-
821 4798 838 4802 ..
856 4796 950 4803 .-.-.-
959 4795 1161 4801 ——.——-—---..
1175 4796 1178 4800 .
1193 4796 1295 4802 --—.-—
1308 4797 1317 4803 -
1330 4798 1405 4803 .-..,-

443 4920 498 4971 ¹At
509 4920 560 4972 this
571 4922 641 4972 word
657 4921 700 4972 the
717 4921 851 4973 Cottonbu
868 4921 925 4972 MS.
944 4920 975 4971 of
987 4919 1153 4983 Rishanger's
1171 4919 1315 4984 chronicis,
1335 4922 1457 4975 Faustina

322 4986 325 4997 '
409 4999 833 5067 n.rx.,essnsm1‚oy,r01.us.
