3750 6250
750 1104 1137 1157 nisroursssencssa
1406 1090 1471 1162 aa

469 1302 607 1359 maturos,
621 1295 773 1350 devotione
791 1295 972 1367 conspicuos,
992 1303 1022 1351 et
1040 1294 1198 1351 Catholicis
1216 1295 1284 1349 lidci
1295 1295 1472 1357 defensores,
1486 1292 1554 1343 ul).
1567 1289 1638 1337 1³7¹!-

432 1383 451 1406 ‘¹
470 1380 667 1451 dogmatizare
686 1386 716 1435 et
739 1379 855 1451 publice
879 1380 1048 1452 praedicare,
1074 1398 1126 1436 seu
1150 1379 1248 1451 potius
1272 1379 1308 1433 de
1328 1378 1476 1459 virulento

433 1467 452 1491 “
472 1464 593 1519 claustri
612 1464 658 1518 sui
678 1470 795 1535 pectore
815 1480 960 1529 evomere,
981 1482 1039 1520 non
1057 1470 1185 1529 veretur,
1198 1462 1352 1518 nonnullos
1365 1462 1476 1518 Christi

432 1551 451 1573 “
471 1547 685 1602 lidelcscarum
704 1548 887 1619 respersione
910 1548 1136 1613 commaculans,
1162 1553 1193 1603 at
1215 1564 1233 1601 a
1256 1545 1324 1601 fidei
1348 1546 1478 1617 praeiatae

431 1636 450 1657 “
470 1637 551 1686 recta
574 1633 679 1687 semita
701 1632 733 1686 in
755 1632 951 1703 proecipitium
981 1632 1153 1704 perditionis
1177 1631 1332 1686 abducens.
1382 1629 1478 1698 Quare

431 1719 450 1741 ‘⁶
469 1733 536 1770 cum
548 1721 608 1770 tam
620 1714 766 1770 letiferam
778 1722 900 1787 pestem,
914 1715 964 1771 cni
982 1716 1008 1771 si
1020 1716 1084 1787 ejus
1096 1734 1154 1771 non
1166 1716 1297 1771 obstetur
1310 1714 1478 1786 ¹principiis

431 1804 450 1826 ‘⁴
470 1806 500 1855 ct
528 1800 594 1872 ipsa
617 1799 758 1856 radicitus
787 1799 940 1864 evellatur,
972 1818 1038 1855 sero
1066 1805 1167 1871 posset
1195 1799 1341 1855 medicina
1369 1799 1477 1870 parari,

431 1889 449 1910 ‘⁴
470 1902 561 1954 quum
578 1900 630 1954 per
651 1883 854 1954 contagionem
878 1882 1021 1953 plurimos
1039 1883 1199 1947 infecisset,
1226 1884 1372 1948 nolumus,
1392 1887 1480 1953 prout

430 1972 449 1993 “
472 1985 524 2021 nec
536 1967 611 2022 velle
633 1967 782 2031 debemus,
797 1971 852 2022 sub
873 1966 1058 2022 conniventia
1077 1967 1265 2038 pertransire,
1286 1966 1479 2023 Universitati

430 2057 449 2078 ‘⁶
469 2057 574 2106 vestras
592 2069 646 2122 per
666 2051 836 2122 Apostolica
856 2052 967 2122 scripta
985 2052 1016 2106 in
1034 2053 1144 2107 virtute
1165 2058 1272 2108 sanctae
1296 2051 1477 2114 obedientis,

430 2139 449 2161 ‘⁴
469 2142 499 2189 ct
511 2135 565 2189 sub
585 2152 672 2205 puina
689 2135 861 2205 privationis
881 2136 1012 2189 omnium
1030 2136 1202 2207 gratianum,
1219 2131 1478 2206 indulgentiarum,

431 2223 450 2244 ‘⁶
470 2225 499 2274 ct
531 2218 764 2288 privilegiorum,
794 2218 879 2274 vobis
912 2237 947 2273 ac
984 2219 1088 2274 Studio
1120 2226 1219 2274 vestro
1249 2237 1267 2274 a
1296 2219 1375 2274 dicta
1404 2218 1480 2273 Sede

431 2306 450 2328 “
470 2319 684 2367 concessorum,
717 2302 851 2357 districte
886 2302 1092 2373 praecipiendo,
1123 2287 1304 2366 mandamus,
1337 2308 1480 2374 quatenus

432 2391 450 2412 “
471 2386 679 2440 Oonclusiones
700 2393 731 2441 et
750 2385 969 2457 Propositiones
981 2388 1012 2441 in
1030 2387 1114 2442 bonis
1128 2388 1264 2458 operibus
1282 2394 1312 2442 et
1329 2387 1385 2441 fide
1404 2386 1481 2441 mele

431 2475 450 2497 “
470 2471 636 2533 sentientes,
657 2469 728 2525 licet
746 2488 796 2524 eas
815 2478 1009 2541 proponentes
1030 2472 1086 2525 sub
1107 2471 1233 2542 quadam
1249 2471 1406 2527 verborum
1419 2471 1481 2526 sive

431 2556 660 2609 “terminorum
696 2554 813 2609 curiosa
846 2554 1046 2625 implicatione
1080 2555 1213 2610 nitantur
1248 2554 1413 2619 defendere,
1445 2553 1480 2608 dc

432 2644 450 2665 ‘⁶
470 2645 576 2695 caetero
594 2658 652 2693 non
669 2637 846 2708 permittatis
865 2640 958 2693 asseri
969 2641 1017 2693 vol
1030 2639 1170 2710 proponi;
1191 2639 1361 2709 dictumque
1374 2639 1394 2693 J
1395 2638 1481 2693 ohau-

431 2728 450 2749 ‘⁴
470 2741 537 2777 nem
556 2722 728 2777 auctoritate
748 2728 849 2777 nostra
868 2723 1002 2792 capiatis,
1025 2739 1077 2776 seu
1096 2722 1161 2793 capi
1181 2723 1305 2787 faciatis,
1331 2729 1362 2778 et
1385 2722 1481 2792 ipsum

432 2807 686 2861 “venerabilibus
714 2807 855 2861 fratribus
879 2807 998 2870 nostris,
1025 2805 1254 2877 Archiepiscopc
1278 2806 1482 2862 (lantuariensi

433 2896 452 2919 ‘⁶
473 2899 503 2946 ct
522 2891 667 2962 Episcopo
686 2890 892 2956 Iaondoniensi‚
914 2896 966 2945 aut
984 2907 1086 2944 eorum
1105 2890 1199 2954 alteri,
1214 2890 1268 2945 sub
1280 2890 1339 2945 fida
1350 2890 1483 2946 custodia

432 2980 451 3002 “
471 2975 686 3029 transmittatis.
725 2973 961 3028 Contradictores
983 2990 1099 3043 quoque
1120 2972 1247 3028 dedicio
1260 2974 1481 3029 Studiovestrae

433 3058 667 3131 “jurisdictioni
697 3057 854 3128 subjectos,
880 3057 907 3111 si
937 3056 989 3129 qui
1019 3056 1125 3121 forsan,
1152 3057 1230 3128 quod
1253 3056 1334 3113 Deus
1358 3064 1480 3122 avertat,

432 3148 451 3172 ‘⁸
472 3150 570 3198 essent
580 3143 750 3214 hujusmodi
768 3142 916 3197 erroribus
929 3140 1077 3206 maculati,
1091 3141 1162 3210 ²[si]
1175 3142 1207 3196 in
1219 3141 1279 3196 illis
1291 3144 1479 3213 pertinaciter

433 3232 451 3254 “
471 3228 661 3298 perstiterint,
688 3226 725 3280 ud
748 3226 875 3281 similem
899 3225 1062 3295 captionem
1092 3231 1122 3279 et
1144 3225 1323 3290 missionem,
1348 3226 1479 3297 aliasque

434 3318 452 3338 ‘⁸
472 3318 559 3382 prout
570 3311 608 3365 ad
619 3329 671 3365 vos
685 3316 806 3381 spectat,
828 3311 952 3364 firmiter
971 3315 1001 3364 et
1019 3309 1143 3364 sollicite
1156 3309 1337 3380 procedatis;
1358 3310 1479 3381 perinde

433 3402 451 3422 ‘⁶
472 3404 600 3451 vestram
621 3395 784 3466 suppleturi
815 3394 1008 3464 diligentiam,
1033 3395 1172 3448 hactenus
1196 3393 1227 3448 in
1250 3395 1411 3465 praemissis
1434 3413 1479 3450 re·

434 3485 452 3506 ‘⁶
473 3481 601 3543 missam,
626 3486 813 3549 nostramque
837 3484 868 3532 et
897 3477 983 3533 dicta
1014 3476 1108 3542 Sedis,
1134 3484 1241 3549 praeter
1264 3478 1371 3535 divinus
1394 3481 1479 3535 retri-

434 3569 451 3590 “
471 3564 599 3618 butionis
624 3563 777 3633 praemium
801 3568 831 3617 et
855 3561 1003 3627 moritum,
1035 3562 1161 3632 gratiam
1191 3568 1222 3617 ct
1249 3561 1481 3620 benevolentiam

434 3654 452 3673 “
473 3645 616 3718 adepturi.
667 3646 743 3700 Data
772 3645 874 3699 Βοωω
905 3645 982 3716 apud
1012 3644 1149 3700 Sanctam
1178 3645 1303 3701 Mariam
1326 3647 1478 3719 Majcrem,

435 3737 452 3759 “
472 3730 647 3786 ³undacimo
659 3729 808 3785 Kalendas
821 3729 841 3784 J
842 3729 915 3796 unii,
929 3729 1120 3786 Pontificatus
1133 3730 1226 3786 nostri
1237 3748 1313 3788 anno
1325 3731 1479 3806 septimo.'’

432 4031 537 4099 Bulla
566 4029 713 4118 Pupnlis
738 4027 848 4098 ruisse
876 4028 1139 4121 Areliiepiscopo
1171 4032 1418 4105 Cantaurieasi
1452 4043 1481 4105 ci

524 4133 691 4221 Episcopo
713 4133 964 4216 bardeniensi,
988 4135 1035 4202 ud
1071 4139 1284 4207 owneudnna
1305 4142 1430 4226 Bepara
1451 4149 1482 4208 et

521 4239 702 4324 Magnetes
725 4237 868 4323 duplica
897 4260 941 4303 ac
959 4239 1127 4326 proedicto
1147 4241 1309 4310 Joiuani
1327 4244 1480 4330 seaeant,

524 4340 575 4408 cci
596 4339 793 4407 calcareas
821 4339 1051 4427 qaovnmodo.
1453 4371 1454 4374 ¹

471 4479 733 4534 “venerabilibus
770 4476 921 4543 irauibus,
949 4477 1152 4538 cantuariensi
1186 4476 1416 4558 Archicpiscopo
1452 4493 1482 4544 et
1495 4510 1555 4569 Bu„
1568 4521 1598 4571 os

435 4564 618 4635 “Episcopo
643 4563 848 4627 Londoniensi,
869 4563 1004 4630 salutem,
1030 4571 1085 4620 etc.
1131 4566 1227 4638 Super
1244 4570 1417 4640 periculosis
1431 4572 1480 4627 ad·
1495 4586 1566 4650 pope
1578 4588 1642 4638 Grec

435 4654 454 4674 “
474 4648 593 4703 modum
623 4647 773 4702 erroribus
799 4646 982 4718 quarundam
1007 4647 1227 4707 detestabilium
1246 4653 1482 4726 Propositionum
1496 4654 1649 4716 cmm-10

437 4736 456 4759 ‘⁴
477 4739 506 4787 ct
518 4732 754 4796 conclusionum,
774 4731 812 4785 ad
835 4731 1052 4787 enervationem
1070 4732 1160 4789 totius
1178 4735 1371 4795 ecclesiastici
1389 4745 1482 4797 statue
1496 4717 1633 4850 ffihffffi

1050 4895 1278 4904 ...0—-———.,..„v
1322 4904 1403 4910 -.--..
1415 4906 1481 4913 Ν,-...--

468 4998 475 5027 ¹
490 4995 544 5046 The
554 4993 714 5045 vell-known
722 4993 786 5044 lines
794 4993 825 5043 of
832 4992 932 5045 Ovid-
1016 4996 1026 5025 ²
1038 4994 1157 5060 Supplied
1169 4996 1233 5047 from
1245 4999 1312 5053 Bibl.
1324 5002 1386 5070 Reg.
1401 5010 1431 5055 13
1452 5007 1481 5058 E.

436 5082 451 5104 ‘⁴
459 5075 595 5140 Principiis
614 5072 691 5135 ciam,
722 5090 782 5134 sero,
800 5073 868 5135 etc.,‘'
891 5088 933 5125 ere
984 5072 1029 5136 ix„
1040 5077 1090 5125 and
1100 5075 1143 5126 the
1153 5076 1253 5141 printed
1262 5088 1337 5135 texts.

436 5151 607 5206 herealluded
618 5161 652 5205 to.
1017 5153 1073 5205 ²11.
1084 5155 1238 5208 calendaria
1246 5160 1289 5211 the
1300 5163 1399 5226 printed
1407 5172 1479 5219 texta.
