3750 6250
491 1055 555 1120 202
835 1070 965 1120 ruens
988 1067 1222 1120 wsmsucusu

316 1246 387 1298 Ml·
402 1254 473 1302 ¹³³⁹·
488 1256 507 1280 ‘⁴
529 1256 692 1319 ‘nostrum
710 1256 757 1311 vel
774 1261 950 1312 attentatum
964 1273 1017 1326 per
1032 1272 1085 1310 aes
1105 1253 1202 1311 'aliud
1218 1261 1320 1311 centn
1336 1271 1423 1324 eume
1442 1255 1533 1314 imme
1544 1253 1623 1308 PM

485 1340 504 1364 ‘⁶
526 1339 648 1395 ‘vident
665 1340 742 1396 oculi
770 1340 880 1404 mundi,
899 1341 1012 1411 publici
1035 1346 1125 1396 testes
1143 1339 1246 1404 nostri,
1272 1340 1412 1411 praefatus
1436 1327 1594 1438 perse-{3⁵⁵⁴

487 1425 506 1448 “
528 1427 633 1478 ‘cutor
667 1433 776 1490 noster,
799 1425 954 1480 ·Franciae
990 1424 1119 1496 Regem’
1139 1443 1171 1480 se
1189 1424 1352 1490 nominans,
1383 1423 1532 1484 &muenia
1544 1385 1624 1505 pff

484 1508 503 1532 ‘⁶
525 1508 663 1578 ‘injuriis
690 1517 762 1580 quot
788 1516 819 1565 et
845 1510 963 1580 quantis
988 1528 1041 1566 nos
1066 1517 1098 1565 et
1122 1515 1223 1564 nestra
1244 1510 1315 1581 jura
1340 1508 1480 1568 vulnerat
1503 1516 1620 1588 etam

484 1593 503 1617 “
525 1592 680 1650 ‘defalcat
711 1594 809 1666 lpsius
827 1595 947 1665 quidem
966 1596 1051 1665 regni
1069 1594 1211 1659 Francia,
1232 1593 1311 1664 qued
1328 1594 1366 1648 ed
1384 1612 1436 1650 nos
1453 1595 1533 1652 omni

484 1679 502 1702 “
525 1679 725 1734 ‘successorio
758 1679 826 1748 jure
852 1678 987 1750 legitimo
1013 1679 1160 1748 pertinere
1186 1677 1382 1748 cognoscitur,
1414 1685 1461 1734 est
1490 1678 1532 1734 in-

546 1780 631 1817 vasor
649 1771 680 1818 et
704 1763 826 1819 illicitus
851 1771 1026 1834 occupatum
1047 1779 1173 1832 regnum
1198 1762 1304 1833 ipsum,
1334 1761 1414 1832 quod
1430 1762 1534 1820 debuit

484 1848 503 1872 “
525 1847 628 1902 ‘nobis
659 1848 769 1903 vocat-is
799 1848 847 1903 vel
878 1847 1005 1902 dolensis
1034 1847 1167 1916 legitime
1197 1845 1296 1902 debito
1316 1846 1395 1918 juris
1429 1846 1532 1904 ordine

484 1938 502 1956 “
524 1934 656 2002 ‘petere
682 1950 740 1987 nou
761 1933 874 1988 veritus
900 1949 1052 2002 occupare,
1079 1949 1148 1986 cum
1168 1931 1215 1986 vir
1239 1947 1371 1986 essemus
1399 1939 1430 1988 et
1454 1932 1532 2003 quod

484 2025 501 2040 '¹
524 2020 669 2086 ‘persona
705 2035 837 2071 essemus
866 2016 952 2085 cujus
987 2015 1190 2086 principaliter
1223 2015 1388 2080 interesset,
1421 2017 1533 2072 notorie

484 2108 502 2126 '⁶
525 2104 659 2156 ‘certum
689 2109 776 2163 essct,
808 2109 839 2156 et
869 2100 899 2156 iu
935 2117 1027 2170 regno
1057 2097 1173 2169 ²ipsum
1200 2099 1251 2168 jus
1286 2107 1420 2154 nestrum
1458 2101 1533 2156 feret

484 2193 502 2209 ⁵·
524 2191 603 2238 ’tarn
628 2184 774 2238 noterium
799 2201 887 2253 (luam
911 2183 1059 2238 communi
1080 2183 1148 2253 jure
1172 2181 1344 2247 fundatum
1370 2184 1531 2255 supposito,

484 2276 502 2294 ⁶·
524 2268 623 2322 ‘sicut
652 2267 801 2324 evidentia
826 2267 894 2322 facti
925 2268 1032 2323 notorii
1058 2265 1267 2338 praesupponit,
1299 2265 1378 2337 qued
1408 2268 1533 2324 celebris

484 2361 502 2377 ‘⁶
524 2352 752 2406 ‘recordationis
780 2351 934 2421 Philippus
966 2351 1037 2405 olim
1067 2351 1130 2404 Rex
1160 2351 1301 2415 Francius,
1333 2359 1417 2422 pater
1446 2352 1533 2408 claras

483 2439 501 2460 ‘⁶
524 2436 692 2489 ‘memoriae
729 2435 831 2488 Karoli
864 2435 955 2503 Regis
982 2435 1114 2489 Francus
1140 2434 1308 2490 immediate
1334 2434 1477 2502 defuncti,
1505 2445 1535 2492 et

483 2525 501 2545 ⁶·
523 2520 739 2573 ‘serenissimo
765 2518 897 2574 Dumium
925 2518 1070 2582 Isaeum,
1107 2518 1230 2586 Regium
1264 2518 1392 2588 Angliea,
1429 2522 1533 2576 matris

483 2605 501 2628 ‘¹'
524 2605 660 2665 ‘arastum
682 2604 770 2657 suerit
800 2621 872 2658 avus
900 2613 1009 2664 noster,
1037 2620 1104 2657 cunr
1132 2603 1226 2657 cidem
1253 2602 1372 2667 Kur010,
1402 2609 1534 2676 tempore

483 2688 501 2710 “
523 2686 646 2740 ‘mertis
677 2705 747 2748 sum,
776 2704 811 2740 cx
836 2685 1078 2742 descendentibus
1105 2704 1204 2742 secum
1222 2687 1259 2741 ab
1277 2686 1379 2742 codem
1397 2687 1535 2760 Philippo

483 2772 501 2795 ‘⁴
523 2770 692 2824 ‘masculus
714 2778 863 2841 superstes
881 2772 1040 2841 proximior
1064 2771 1154 2824 suerit
1174 2770 1273 2825 nullus
1292 2771 1386 2836 nobis,
1413 2779 1446 2826 ct
1470 2789 1535 2844 per·

483 2855 501 2878 “
523 2857 615 2907 ‘sonu
633 2855 769 2908 foeminca
781 2855 852 2909 dicti
865 2856 960 2924 regni,
975 2872 1026 2925 per
1041 2855 1091 2925 jus
1105 2855 1135 2907 iu
1154 2853 1255 2908 eodem
1274 2871 1366 2922 regne
1385 2865 1533 2910 servatum

483 2942 502 2964 ‘⁴
524 2939 717 3008 ‘antiquitus
738 2940 852 2994 sitnon
870 2958 970 3011 capax,
991 2939 1068 3010 qued
1086 2956 1139 2992 nes
1161 2938 1212 3008 jus
1238 2938 1323 3008 regui
1349 2939 1467 3009 praelati
1492 2941 1532 2994 sa·

484 3033 502 3048 ··
525 3025 643 3076 ‘rorem
663 3023 694 3077 in
714 3023 790 3076 viam
809 3040 905 3077 causae
924 3022 1020 3077 finalis
1040 3021 1202 3085 attendens,
1229 3038 1265 3075 ne
1284 3039 1410 3092 reguum
1437 3023 1532 3095 ipsum

484 3115 501 3132 ··
524 3106 600 3162 ‘sub
625 3107 762 3163 foeminea
780 3106 878 3176 fragili
899 3105 1108 3175 gubernatione
1128 3105 1258 3171 labatur;
1279 3111 1309 3161 et
1333 3111 1455 3178 propter
1480 3107 1534 3162 hoo

483 3195 500 3218 ‘⁸
522 3194 695 3261 ‘porsonam
714 3191 846 3246 mulieris
865 3190 1030 3254 excludens,
1051 3207 1107 3243 non
1126 3187 1254 3244 excludit
1278 3206 1433 3260 personam
1458 3208 1533 3247 mas·

484 3284 501 3301 ⁸·
525 3284 531 3300 ·
545 3275 604 3329 culi
617 3294 669 3345 per
682 3277 724 3329 sic
737 3275 884 3328 exclusam
897 3275 1047 3329 smminam
1059 3271 1278 3337 descendentis;
1291 3290 1329 3327 ne
1341 3273 1401 3339 fiat,
1414 3274 1534 3345 juribus

482 3362 498 3385 '‘
520 3363 656 3429 ‘semper
681 3358 808 3421 odibilis,
836 3359 1003 3427 prorogatio
1030 3356 1171 3419 odiorum,
1190 3373 1323 3426 personae
1341 3357 1481 3415 videlieet
1497 3358 1533 3413 ad

483 3454 501 3468 '·
523 3446 705 3512 ‘personans
739 3460 823 3497 sexus
857 3442 894 3494 ud
925 3459 1034 3504 sexum,
1058 3459 1153 3494 causta
1180 3441 1215 3495 ad
1245 3456 1373 3505 causam,
1404 3443 1465 3498 odii
1498 3442 1533 3497 ad

484 3536 501 3551 ¹·
524 3530 683 3591 ‘linerent
704 3546 786 3590 nore,
807 3538 907 3580 cetura
930 3526 1027 3594 legunt
1050 3526 1220 3579 traditiones
1240 3544 1418 3590 communes,
1441 3529 1533 3583 smmi·

483 3618 501 3634 ⁴·
524 3615 631 3664 ‘lacurn
652 3630 754 3678 genus,
777 3611 825 3664 ubi
846 3610 970 3662 rrraxirno
989 3609 1025 3661 dc
1044 3609 1110 3662 odio
1129 3609 1236 3675 agitur,
1258 3611 1402 3679 concipiat
1420 3629 1531 3667 mascu-

483 3704 500 3718 ··
523 3700 530 3719 ‘
546 3694 615 3748 lurn.
665 3695 712 3748 nd
724 3697 802 3748 ³bue
815 3696 912 3757 etiarn,
925 3713 976 3764 par
986 3694 1035 3762 jus¹
1049 3704 1240 3746 memoramur
1253 3712 1270 3746 a
1282 3711 1373 3761 regno
1387 3696 1532 3765 fragilitas

483 3779 695 3833 ''¹'n1uliobris
722 3780 895 3837 excluditur,
931 3785 963 3830 ut
994 3796 1084 3844 regno
1119 3778 1264 3831 salubrius
1298 3779 1478 3845 corisulatur,
1502 3786 1533 3834 ct

482 3873 500 3887 ⁴·
523 3862 701 3930 ‘proximior
715 3862 861 3915 rnuseulus
880 3861 1086 3919 admittendus.
1107 3860 1179 3914 salias
1199 3861 1369 3916 admittatur
1382 3865 1532 3932 potissime

483 3958 500 3971 '·
523 3945 581 3998 ‘ud
596 3945 646 4013 jus
667 3945 748 4008 illud,
770 3945 847 4014 (unul
869 3944 1097 4013 primordialiter
1116 3964 1133 3997 a
1152 3954 1244 3999 irratre
1264 3946 1307 4000 sic
1331 3946 1452 4002 exclusa
1478 3966 1532 4002 neu

482 4040 500 4055 ⁶·
523 4030 646 4087 ‘minua
679 4028 730 4081 sod
763 4030 791 4081 in
822 4040 956 4097 nepotum
984 4038 1177 4097 propagatum
1203 4029 1239 4081 ub
1267 4048 1321 4083 aare
1348 4030 1533 4099 originaliter

481 4126 499 4139 ⁶·
522 4114 700 4168 ‘derivatur
730 4113 870 4181 Alioquin
883 4122 1055 4181 sequoretur
1074 4126 1104 4165 ct
1121 4113 1179 4166 alin
1192 4113 1354 4183 iniquitatis
1368 4115 1532 4171 absurditas

482 4213 499 4225 ··
522 4211 594 4271 'per
607 4199 841 4270 prorogat-ionem
861 4197 1000 4250 odibilem
1018 4197 1224 4267 supnnlicturn,
1240 4197 1317 4266 quod
1330 4198 1533 4255 excluderetur

482 4287 499 4308 '⁴
522 4283 719 4353 ‘collateralis
737 4281 927 4351 conjunctior,
949 4292 982 4335 nt
999 4282 1137 4334 remotior
1157 4290 1317 4345 vocaretur,
1338 4299 1406 4335 cum
1424 4291 1530 4348 namen,

482 4371 500 4393 “
523 4371 607 4439 ‘ipso
632 4369 699 4438 jure
726 4367 858 4436 garrtiuur
885 4365 1022 4447 naturali,
1047 4367 1152 4418 fratres
1183 4374 1213 4419 et
1232 4383 1346 4419 sorores
1371 4386 1531 4439 corumque

482 4462 499 4476 ··
522 4454 605 4518 ‘tilii‚
646 4454 676 4508 iu
715 4451 897 4507 successione
927 4456 1038 4510 mutua,
1071 4448 1287 4503 collateralibus
1318 4449 1383 4504 aliis
1411 4451 1530 4507 alterius

483 4540 500 4560 ⁸·
523 4536 628 4589 ‘linaro
644 4538 843 4607 proluuntur.
880 4534 918 4588 Et
934 4533 1010 4588 undo
1023 4532 1134 4587 dictum
1144 4533 1194 4602 jus
1208 4552 1260 4604 pro
1272 4534 1356 4603 regni
1372 4534 1482 4601 lavore,
1499 4554 1531 4590 ae

482 4628 500 4644 '⁸
523 4619 639 4675 “odiis
661 4623 803 4676 foerrriueae
823 4620 1015 4675 inhabilitatis
1043 4618 1079 4671 ad
1104 4617 1291 4687 ³regendnnr,
1320 4619 1451 4674 exoritur
1472 4628 1530 4675 tam

484 1763 532 1788 “6

516 4857 520 4880 ¹
534 4852 635 4913 aliqum.
651 4853 719 4901 llurl.
734 4860 789 4902 libs».
1065 4852 1140 4913 ‘odiu
1154 4852 1225 4901 llurl.
1239 4858 1295 4901 655.

514 4934 522 4959 ’·“
539 4934 597 4993 ipso,
613 4929 680 4977 llurl.
690 4936 744 4979 obt.
1062 4942 1187 4996 ”rryrruon
1203 4930 1274 4981 llarl.
1289 4936 1345 4980 eto.

516 5014 524 5037 ·'
535 5010 585 5071 bec,
599 5008 668 5057 llarl.
683 5014 738 5059 ebt.
