3750 6250
521 1065 588 1129 304
854 1076 984 1127 ruenni
1005 1075 1238 1126 wemmam

353 1268 422 1319 AD.
435 1273 507 1319 1361.
522 1270 553 1319 et
569 1281 637 1318 eum
648 1280 683 1318 co
695 1264 874 1319 Bartrandus
891 1264 1034 1335 (llequn,
1047 1282 1115 1319 cum
1130 1280 1238 1333 magna
1254 1269 1337 1333 parte
1354 1261 1436 1317 illius
1453 1260 1579 1331 Magnae
1591 1274 1684 1327 Mam

354 1348 495 1397 Numerons
521 1347 683 1411 Comitium,
706 1367 771 1417 qum
794 1349 891 1419 ipsum
915 1356 1015 1403 secuta
1033 1355 1152 1403 estnon
1171 1353 1284 1401 tantum
1307 1363 1406 1401 amore
1427 1352 1578 1416 quantum
1590 1343 1684 1407 Res-¹³

354 1422 497 1501 1111ΡΙΜΓ,Β
522 1449 573 1501 spe
604 1432 739 1503 praedte„
763 1431 914 1488 Venerunt
944 1433 1062 1503 insuper
1092 1449 1161 1487 eum
1191 1430 1334 1485 Bastardo
1365 1447 1438 1501 pene
1471 1447 1577 1484 omues
1590 1415 1663 1468 1⁴5¹*

354 1480 500 1596 {gemm
522 1514 640 1569 oomni
658 1523 688 1571 a
705 1521 836 1587 potentm
854 1516 1036 1587 Hispanum,
1061 1522 1091 1571 eo
1115 1515 1152 1569 <10
1176 1514 1299 1570 aarum
1326 1514 1441 1578 nomer,
1462 1513 1577 1585 parlim

429 1584 436 1596 ⁹
521 1599 604 1654 missi
623 1616 676 1670 per
695 1599 808 1670 Regem
826 1600 967 1664 Francius,
983 1601 1089 1671 partim
1104 1599 1179 1654 lueri
1195 1599 1444 1671 contemplatione.
1485 1598 1576 1654 Sara·

521 1683 586 1737 oeni
600 1689 750 1754 praeterea,
767 1690 798 1738 et
810 1684 964 1739 ulteriores
976 1684 1111 1755 Hispani,
1130 1683 1181 1737 sed
1198 1683 1349 1747 increduli,
1369 1682 1578 1738 confluxerunt

522 1785 589 1822 cnm
607 1768 752 1823 intrusere
772 1768 937 1839 ¹praedicte,
961 1769 1012 1839 qai
1029 1786 1090 1839 prm
1108 1767 1296 1822 multitudine
1315 1767 1497 1822 dinumerari
1514 1784 1575 1821 non

355 1864 491 1928 Thexing
521 1852 664 1908 valebant.
701 1851 800 1923 Igitur
822 1859 890 1924 pest
908 1869 1016 1923 paucos
1037 1851 1099 1906 dies
1123 1850 1264 1906 adventus
1282 1851 1428 1921 Principis
1447 1850 1481 1905 in
1500 1850 1573 1905 His·
1657 1904 1658 1907 ,

355 1931 507 2008 ρῑΝΜῐΘ
520 1936 665 2006 pannism,
686 1936 749 1991 Rex
770 1935 916 1999 Navariae,
938 1953 969 1990 se
990 1953 1095 2006 gerens
1116 1935 1240 1999 incaute,
1262 1940 1365 2006 eaptus
1384 1940 1430 1989 est
1447 1941 1572 2005 repente

353 1999 539 2073 ¹⁸“Pmoed3a
556 2019 699 2074 militibus
728 2020 883 2074 Bertrandi
906 2018 1048 2091 (ileylryn.
1084 2018 1142 2087 Qui
1168 2026 1265 2073 tamen
1288 2018 1414 2073 Domine
1436 2017 1572 2089 Principi

353 2064 471 2181 m
521 2110 622 2174 expest
638 2104 698 2158 cite
717 2103 774 2158 fnit
791 2102 941 2168 redditas;
964 2114 1048 2173 eapte
1073 2102 1174 2157 eedem
1195 2103 1366 2166 Bartrande,
1392 2102 1444 2172 qui
1463 2103 1571 2158 mertis

521 2186 694 2242 incurrisset
709 2185 895 2257 supplicium,
914 2187 973 2241 nisi
996 2203 1063 2240 eum
1085 2186 1217 2256 protinus
1237 2186 1407 2256 judicasset.
1445 2185 1573 2240 Reman·

522 2271 562 2326 sit
574 2277 671 2325 tamen
684 2270 763 2325 idem
774 2270 954 2325 Bartrandus
970 2270 1102 2340 captivus
1115 2277 1217 2340 postea
1231 2286 1284 2339 per
1297 2269 1418 2339 lengum
1433 2276 1569 2341 tempus3

522 2360 624 2425 eaptus
640 2353 747 2425 qnippe
763 2354 859 2408 fuerat
876 2362 1031 2424 antequam
1046 2353 1123 2408 acies
1139 2352 1325 2408 convenirent
1341 2352 1378 2406 od
1394 2352 1570 2418 feriendum,

523 2436 553 2490 in
572 2437 655 2492 initio
675 2436 747 2490 belli
767 2436 865 2507 hujus.

355 2525 465 2592 victory
559 2519 625 2575 cito
650 2525 717 2591 pest
743 2519 816 2585 hmo,
842 2520 919 2575 acies
948 2520 986 2575 sd
1011 2519 1137 2576 invicem
1166 2527 1381 2591 percusserunt,
1408 2521 1573 2592 sagittariis

355 2594 448 2671 8⁸{110d
458 2596 493 2659 by
523 2602 695 2674 Anglicanis
721 2603 908 2659 laudabiliter
934 2622 997 2658 rem
1024 2605 1189 2674 agentibus,
1216 2611 1249 2660 et
1267 2605 1414 2676 Hispanos
1441 2606 1572 2678 undique

356 2661 510 2777 Pffioetffl'
523 2705 590 2742 eum
609 2687 767 2742 incredulis
785 2688 967 2743 ferientibus.
1016 2689 1158 2744 Dominus
1184 2688 1331 2744 lohannes
1359 2689 1426 2744 Dux
1447 2690 1573 2746 Inucas

356 2742 459 2856 §25212
523 2771 589 2826 trias
620 2779 651 2826 et
684 2771 827 2827 Dominus
857 2772 1005 2827 Jehannes
1038 2773 1202 2838 Ghaundes,
1232 2774 1315 2829 miles
1347 2773 1570 2838 famosissimus,

524 2855 630 2926 quibus
659 2856 802 2926 assignati
831 2858 950 2912 fuerunt
979 2857 1024 2911 illi
1056 2857 1107 2927 qui
1135 2857 1172 2912 de
1202 2857 1313 2928 Magna
1341 2858 1488 2914 Gemitiva
1522 2860 1571 2914 ad·

523 2941 671 2996 haeeerunt
708 2941 847 3013 Principi,
881 2942 1006 3012 primam
1042 2942 1133 2996 aciem
1161 2942 1332 2997 habuerunt.
1391 2943 1486 3014 Super
1518 2944 1570 2997 hes

523 3026 635 3097 pondus
663 3025 733 3079 belli
766 3026 857 3087 stetit,
887 3043 975 3096 super
1006 3025 1058 3079 hes
1091 3025 1279 3081 Sarraceniea
1309 3025 1453 3098 ²phalanx
1491 3028 1571 3082 ineu·

520 3110 594 3173 buit,
625 3129 713 3182 super
742 3110 795 3165 hes
815 3110 1014 3181 Hispanorum
1042 3108 1195 3164 innumera
1217 3110 1374 3166 multitudo
1398 3112 1450 3167 diu
1475 3112 1568 3168 saevit.

522 3195 581 3250 Sed
616 3196 733 3250 tandem
769 3195 991 3265 superveniente
1027 3194 1151 3249 Domine
1184 3196 1311 3250 Roberte
1344 3196 1471 3261 Knollis,
1503 3214 1569 3252 eum

521 3281 614 3335 electa
637 3287 724 3350 gente
746 3297 810 3349 quar
834 3297 901 3333 eum
928 3285 1028 3333 secuta
1050 3279 1154 3343 fuerat,
1179 3286 1209 3334 et
1231 3287 1331 3335 nestra
1353 3298 1421 3351 pars
1445 3287 1570 3351 angetur

522 3371 552 3418 et
578 3365 731 3427 animatur,
762 3369 792 3417 et
817 3381 884 3435 pars
913 3363 1036 3417 adversa
1063 3363 1232 3418 debilitatur
1259 3371 1289 3419 et
1315 3370 1452 3419 terretur.
1490 3366 1568 3420 'Iunc

521 3448 706 3503 retrocedimt
732 3448 866 3518 Hispani,
894 3453 1035 3501 corruunt
1060 3446 1219 3512 Sarraeeni,
1249 3455 1280 3503 et
1305 3449 1341 3503 ad
1369 3450 1484 3504 inferna
1504 3468 1569 3520 pre·

522 3539 624 3600 perant
654 3551 706 3601 per
735 3540 878 3586 centones.
929 3532 997 3601 lpse
1026 3532 1083 3584 (1111·
1112 3533 1202 3601 partis
1232 3534 1360 3587 adversm
1390 3537 1567 3604 pavefactus,

523 3615 579 3668 hiis
604 3616 684 3675 visis,
711 3623 740 3668 et
768 3617 891 3668 maxime
916 3616 952 3669 de
974 3616 1089 3683 sagittis
1114 3635 1179 3685 qum
1203 3635 1269 3669 euni
1295 3618 1422 3687 imdique
1447 3621 1568 3673 circum·
1665 3639 1667 3641 ’

522 3699 701 3762 velaverunt,
739 3700 858 3768 reliquit
895 3701 1061 3770 sonipedem
1092 3718 1178 3769 quern
1214 3702 1366 3766 insederat,
1401 3710 1431 3758 et
1463 3722 1567 3773 equum

523 3782 694 3835 velociorem
723 3783 853 3836 insiliens
882 3784 1030 3837 festinarit
1049 3783 1086 3836 ad
1105 3785 1221 3853 sugam3
1250 3804 1307 3838 nen
1331 3792 1427 3840 tamen
1447 3788 1565 3845 illaesus,

523 3867 600 3934 quia,
617 3874 704 3935 prout
719 3866 877 3929 dicebatur,
894 3874 957 3921 erat
971 3867 1001 3920 in
1019 3867 1137 3935 inguine
1156 3869 1321 3937 sagittatus.
1359 3870 1485 3940 Cognita
1500 3889 1568 3926 vere

523 3952 594 4019 iuga
615 3950 696 4002 ducis
714 3951 768 4012 sui,
787 3951 911 4021 Hispani
928 3951 1006 4004 ultra
1025 3952 1177 4005 resistendi
1193 3954 1327 4022 spiritum
1344 3972 1400 4008 neu
1420 3955 1566 4017 habentes,

523 4034 553 4087 iu
582 4034 682 4103 sugam
710 4033 823 4087 ³cuncti
854 4034 932 4088 illico
961 4042 1177 4089 convertuntur.
1215 4036 1292 4104 Ques
1322 4044 1465 4093 nostrates
1494 4041 1566 4093 inse·

524 4126 644 4188 (luentes
664 4118 837 4188 percutiunt,
864 4121 1020 4188 perforant,
1044 4126 1073 4174 et
1097 4129 1291 4190 prosternmit,
1317 4122 1458 4192 quosdam
1480 4124 1567 4194 capti·

357 4204 504 4255 TheCeuut
522 4211 632 4267 ventes
664 4203 804 4273 plurimos
839 4203 1022 4271 perimentes.
1072 4203 1181 4274 Captus
1210 4211 1255 4259 est
1284 4206 1391 4260 ibidem
1425 4207 1567 4277 siquidem

358 4273 479 4320 ⁰sD⁰¹¹i²¹
523 4287 626 4341 (lomes
658 4287 694 4340 de
726 4285 816 4349 Dens,
854 4304 920 4339 cum
949 4288 1049 4341 multis
1077 4306 1111 4341 ex
1142 4288 1331 4344 nobilioribus
1363 4290 1443 4345 illins
1474 4292 1565 4362 regui.

357 4339 477 4452 ffissiin
523 4370 632 4441 Captus
662 4378 707 4426 est
732 4371 859 4440 insuper,
889 4377 923 4424 ut
944 4371 1120 4440 praedicitur,
1151 4372 1213 4442 ipse
1232 4374 1412 4429 Bartrandus
1435 4375 1565 4446 Cleikym

357 4470 431 4517 taken
443 4471 494 4533 psi.
524 4457 573 4523 qui
598 4457 693 4510 suerat
715 4454 885 4526 principalis
909 4456 1090 4509 consiliarius
1118 4473 1152 4509 cx
1177 4465 1257 4527 parte
1287 4459 1431 4523 Bastardi,
1458 4467 1488 4515 et
1511 4461 1567 4514 dux

357 4551 449 4587 soners.
522 4539 623 4608 primm
649 4540 731 4593 aciei.
769 4540 804 4593 Iu
829 4539 882 4592 hae
909 4557 1009 4608 pugna
1039 4540 1136 4602 etiam,
1159 4547 1188 4595 et
1213 4542 1283 4611 suga
1304 4543 1451 4612 praedieta,
1480 4544 1566 4598 occisi

523 4627 591 4675 sunt
623 4640 657 4675 ex
685 4630 770 4693 gente
796 4624 956 4694 Hispanioa
983 4631 1014 4678 et
1039 4624 1199 4678 auxiliariis
1226 4626 1324 4695 plures
1346 4646 1433 4696 quam
1458 4634 1565 4699 septem

523 4705 615 4758 millia
643 4706 823 4761 bellatorum.
862 4708 898 4761 In
925 4707 1014 4761 fluvio
1040 4726 1143 4777 nempe
1161 4709 1196 4762 de
1221 4710 1318 4764 Nazar
1344 4712 1475 4766 suffocati
1502 4718 1567 4767 sunt

557 4945 562 4972 ¹
573 4943 689 5008 predicte
700 4945 726 4994 in
738 4948 799 5013 orig.
1098 4955 1107 4983 ³
1120 4952 1232 5005 Omitted
1244 4954 1271 5003 in
1284 4955 1326 5005 the
1338 4956 1437 5019 printed
1448 4964 1523 5009 texta.

555 5023 664 5086 ²sulunr
676 5024 702 5072 in
713 5026 775 5092 erig.
