3750 6250
662 1072 827 1126 unronrs
841 1072 1052 1126 suonresna
1336 1057 1381 1132 47

248 1281 313 1332 uper.
332 1278 496 1335 procerum,
518 1260 699 1316 censentium
719 1266 829 1316 terram
847 1260 901 1315 sub
919 1259 986 1314 dolo
1004 1259 1131 1316 ablatam
1154 1260 1381 1333 recuperandam
1394 1275 1464 1329 ΑΒ,
1478 1282 1549 1331 1294.

248 1334 302 1450 ῗῑδἯῑ
332 1346 441 1416 gladio,
462 1346 525 1400 Rex
541 1345 659 1415 Anglim
677 1345 714 1399 ad
731 1346 844 1414 Regem
862 1344 1041 1398 Francorum
1058 1344 1141 1399 misit
1159 1346 1290 1409 nuncios,
1317 1345 1381 1400 Hu-

333 1448 439 1501 gonem
457 1429 493 1483 de
514 1429 690 1484 Maneestria
708 1429 744 1483 do
766 1428 875 1491 Ordine
893 1428 1131 1492 Praedicatorum,
1151 1435 1182 1484 et
1200 1429 1382 1484 Willelmum
1395 1389 1542 1510 {wahe

249 1504 254 1517 ⁸
333 1515 370 1569 de
389 1514 558 1570 Ginosbnm
576 1513 613 1568 do
632 1512 740 1568 Ordine
760 1513 918 1577 Minorum,
946 1512 1087 1567 Doctores
1105 1512 1282 1584 Theologioe,
1302 1514 1381 1568 viros
1395 1524 1467 1589 King
1478 1527 1509 1576 of

332 1598 469 1671 providos
483 1616 517 1653 ac
533 1598 691 1662 discretos3
711 1597 851 1651 mandans
870 1597 896 1650 ei
915 1613 969 1667 per
981 1595 1106 1660 eosdem,
1121 1596 1198 1666 quod
1214 1615 1281 1652 cum
1298 1604 1383 1668 pacta
1395 1591 1500 1671 ancp,
1512 1609 1550 1644 re·

333 1682 409 1738 inter
435 1682 636 1753 progenitores
663 1697 764 1735 eorum
782 1680 890 1743 habita,
914 1685 944 1734 et
963 1680 1051 1750 ipsos,
1071 1696 1182 1734 necnon
1208 1686 1239 1735 et
1256 1688 1382 1735 secretos
1394 1673 1525 1772 {muli

332 1771 484 1829 tractatus
510 1782 592 1836 quos,
618 1764 764 1828 medianto
788 1780 927 1832 germano
952 1780 1014 1826 sno,
1040 1781 1107 1817 cum
1133 1781 1166 1817 eo
1184 1763 1295 1828 habuit,
1320 1765 1381 1832 vio·
1395 1741 1549 1854 pgffltff

333 1851 438 1917 lasset;
457 1868 514 1905 non
526 1850 679 1905 videbatur
697 1850 763 1913 sibi,
778 1848 855 1920 quod
873 1850 970 1920 ipsum
988 1848 1102 1917 Regem
1116 1846 1242 1917 Anglim,
1258 1848 1381 1903 Ducem·
1396 1857 1467 1921 King
1479 1860 1510 1908 of

333 1953 390 2006 que
411 1933 616 2006 ¹Aquitarmioe,
642 1934 789 1988 hominem
808 1950 895 1987 suum
912 1931 1075 2005 reputabat,
1094 1948 1148 1987 nee
1167 1932 1229 2003 ipse
1247 1931 1383 2005 homagio
1396 1924 1522 1990 Efltlflssd·

333 2038 385 2076 sno
403 2019 529 2088 astringi
547 2018 671 2074 ulterius
690 2017 866 2073 intendebat.

367 2103 478 2160 Eodem
496 2110 625 2173 tempore
649 2102 712 2158 Rex
737 2101 865 2172 Anglim,
891 2099 982 2156 misso
1008 2100 1040 2155 in
1058 2100 1229 2156 Teutoniam
1246 2100 1382 2168 Antonio,

334 2187 523 2243 Dunelmensi
541 2187 695 2258 Episcopo,
717 2186 926 2242 eonfoederavit
956 2185 1013 2240 sibi
1030 2183 1244 2256 'Redulphum
1271 2184 1384 2256 Regem
1397 2207 1516 2258 Alliam,

334 2272 539 2327 Romanorum.
577 2272 746 2326 Exercitum
764 2271 862 2334 etiam,
882 2270 913 2324 in
920 2269 1105 2325 Waaeoniam
1118 2269 1382 2334 transmittendum,
1397 2275 1458 2324 with
1473 2275 1516 2325 the

335 2356 457 2412 adunari
479 2354 586 2425 jubens
608 2354 686 2425 apud
708 2352 956 2417 ‘Portemntham
985 2352 1148 2407 Johannem
1166 2352 1202 2406 de
1221 2353 1383 2449 Britannia,
1398 2341 1552 2468 {jffifn'ffle

334 2446 467 2512 nepotem
482 2456 577 2502 suum,
593 2438 736 2493 Comitem
749 2436 979 2500 Richemundiae‚
993 2436 1089 2491 eidem
1100 2437 1247 2507 prefecit,
1267 2436 1339 2492 dans
1357 2455 1385 2491 er
1397 2478 1446 2526 and
1455 2492 1542 2541 prepa-

334 2521 513 2577 consiliarios
533 2521 552 2575 J
553 2521 695 2575 ohannem
713 2520 749 2574 do
769 2520 874 2575 Sancto
887 2520 906 2574 J
908 2520 1019 2574 ohanne
1038 2526 1068 2575 ct
1079 2520 1239 2575 Robertnm
1250 2521 1384 2592 Typetot,
1398 2543 1541 2593 mflomfor

334 2606 442 2661 milites
473 2604 629 2676 prudentes
655 2610 686 2659 et
710 2604 741 2658 in
765 2603 880 2658 bellicis
909 2603 998 2658 rebus
1029 2610 1171 2674 expertos.
1223 2604 1385 2673 Navigium
1398 2609 1520 2661 norwith

334 2690 422 2744 etiarn
447 2687 485 2742 ud
510 2687 731 2743 custodiendum
760 2704 850 2750 moro,
879 2688 910 2741 in
939 2695 1000 2741 tres
1028 2686 1136 2742 classes
1162 2688 1305 2752 distinxit,
1325 2695 1385 2743 tres
1398 2677 1503 2728 Fmoe·

334 2790 502 2845 praeponens
515 2773 543 2827 ei
561 2770 755 2836 Admiralios;
774 2770 920 2834 videlicet,
936 2770 1214 2826 Gerncmutensibue
1231 2779 1260 2827 et
1272 2773 1386 2827 crateris

335 2857 415 2912 illius
428 2857 520 2928 partis
538 2856 671 2919 naribus,
686 2855 706 2909 J
707 2854 849 2908 ohannem
863 2855 899 2909 do
912 2855 1080 2920 Boteturte;
1100 2855 1385 2911 ⁴Portliemuthensi·

334 2940 398 3004 bns,
421 2939 603 2994 Willelmum
621 2939 656 2993 de
676 2938 843 3010 Leyborne;
864 2937 1100 2993 Occidentalibus
1120 2955 1188 2994 vero
1215 2941 1338 2994 navibus
1357 2945 1387 2995 et
1423 2939 1426 2945 ’

335 3024 513 3087 Hibernicis,
532 3024 657 3078 militem
672 3022 827 3093 quemdam
844 3021 995 3093 ⁵probum‚
1010 3021 1046 3075 de
1059 3022 1202 3076 Hibernia
1220 3022 1383 3078 oriundum.

369 3109 434 3163 Hoc
465 3127 538 3162 anno
566 3125 703 3162 conc-essa
733 3113 778 3161 est
808 3105 893 3176 Regi,
927 3106 957 3159 in
988 3104 1152 3159 subsidium
1181 3122 1282 3161 werrae
1313 3126 1382 3173 sum,
1399 3126 1510 3194 Subsjdy

335 3192 475 3247 medietas
494 3210 512 3246 a
529 3191 616 3256 clero,
644 3197 726 3246 sexta
743 3208 761 3245 a
779 3191 901 3254 civibus,
922 3195 953 3244 ot
970 3207 988 3244 a
1005 3189 1119 3260 reliquo
1143 3188 1249 3261 populo
1273 3190 1386 3247 decima
1398 3199 1503 3258 granted
1514 3204 1541 3247 to

335 3293 411 3348 pars,
432 3275 582 3330 bonorum.
1398 3260 1440 3310 ¹¹¹⁰
1452 3262 1530 3328 Κῑῦἕ·

369 3359 441 3415 Fuit
457 3365 555 3413 autom
572 3358 627 3413 hoe
645 3375 719 3412 anno
737 3356 768 3411 in
785 3355 896 3426 Anglia
913 3356 1039 3410 maxima
1057 3373 1176 3411 annonae
1194 3357 1326 3423 karistia,
1345 3359 1386 3415 ita
1398 3366 1495 3417 Deanh
1508 3369 1535 3418 in

335 3447 369 3498 ut
385 3460 529 3515 pauperes
546 3442 657 3514 passim
675 3440 774 3495 afflicti
794 3439 927 3494 lienteria
945 3440 1129 3494 morirentur.
1398 3434 1524 3499 England

370 3526 480 3580 Eodem
498 3544 582 3589 anno,
602 3531 669 3597 post
685 3525 866 3579 vacationem
883 3523 1036 3589 diutinam,
1059 3524 1168 3578 electus
1188 3526 1281 3580 estin
1300 3524 1384 3580 Sum·
1398 3551 1513 3601 medion

336 3627 415 3664 mum
434 3609 604 3664 Pontificem
623 3609 730 3663 Petrus
748 3607 784 3661 de
796 3606 944 3671 Murrone,
966 3608 1027 3677 qui,
1047 3608 1205 3663 monachus
1223 3609 1259 3664 de
1278 3607 1385 3665 Ordine
1398 3617 1505 3683 ofl‘ope

337 3692 435 3749 Sancti
466 3693 618 3748 Benedicti
648 3693 785 3755 existens,
816 3691 1018 3747 heremiticam
1048 3691 1132 3747 duxit
1159 3693 1259 3748 vitam.
1315 3694 1383 3758 Hic,
1399 3685 1547 3738 Cfflleflfiw

336 3778 511 3833 sublimatus
536 3778 567 3832 in
591 3777 711 3848 Papam,
731 3775 827 3831 dictus
846 3781 892 3830 est
911 3778 930 3803 ‘⁴
944 3775 1120 3831 Goelestinus
1145 3775 1269 3845 Quintus
1280 3777 1309 3845 ;”
1334 3778 1386 3849 qui
1398 3750 1432 3803 V·

337 3880 423 3917 uriam
441 3861 653 3917 ordinationem
676 3861 708 3916 in
731 3877 831 3915 menso
850 3859 1015 3932 Septembri
1040 3860 1159 3926 faciens,
1179 3863 1291 3919 creavit
1315 3862 1384 3918 duo-

336 3945 430 4002 decim
449 3945 629 4002 cardinales.

370 4030 524 4085 Exercitus
555 4030 647 4099 Regis
677 4028 793 4098 Angliae
832 4027 868 4082 de
907 4027 1114 4085 Portesmutha
1162 4030 1241 4085 cirea
1278 4031 1385 4085 festum
1398 4035 1509 4087 Edward

337 4113 434 4169 Sancti
453 4113 607 4168 Michaelis
626 4111 824 4184 progrediens,
844 4112 875 4166 vi
893 4117 1047 4167 ventorum
1072 4113 1218 4185 repulsus,
1245 4113 1387 4184 applicuit
1398 4102 1492 4152 flffl‘lffl
1503 4103 1530 4153 5¹¹

337 4196 569 4253 Dortemntham.
621 4197 657 4251 In
675 4196 801 4250 erastino
819 4213 888 4250 vero
902 4195 1001 4251 Sancti
1014 4196 1157 4268 Dionysii,
1172 4203 1287 4269 captata
1304 4215 1384 4263 aura,
1398 4170 1531 4236 Bremssne·

337 4299 423 4336 cursu
435 4280 561 4335 velivolo
582 4280 619 4335 ed
638 4280 777 4335 Sanctum
789 4278 963 4333 Matthmnm
981 4280 1012 4334 in
1024 4280 1176 4335 Britannia
1194 4280 1241 4337 dio
1260 4279 1386 4335 secundo

336 4363 496 4436 ‘pervenit
553 4364 743 4419 Discedentes
771 4381 789 4417 a
814 4363 975 4428 Britarmia,
1004 4364 1035 4418 in
1062 4365 1188 4418 crastino
1215 4364 1385 4419 Sanctorum

337 4448 464 4521 Crispini
492 4455 522 4504 et
548 4449 725 4519 Crispiniaui
755 4448 939 4502 intraverunt
968 4448 1044 4502 ostia
1081 4447 1219 4502 Girundm
1250 4449 1341 4513 fluvii,
1368 4467 1386 4502 a
1399 4452 1521 4504 Transac-

338 4532 515 4604 Burdegafia
527 4531 769 4597 7d030011d011t053
789 4550 842 4604 per
855 4549 942 4602 quem
958 4531 1154 4597 ascendentes,
1169 4533 1260 4604 captis
1273 4532 1385 4587 dnobus
1398 4520 1515 4639 23:31.

361 4790 648 4860 'Equitannioeinorig.
887 4796 962 4841 texts.

358 4876 368 4904 ²
380 4875 509 4939 Properly,
521 4869 669 4935 Adulplium.
922 4872 931 4898 ⁵
941 4869 1051 4920 Omitted
1062 4869 1089 4918 in
1101 4871 1144 4929 the
1153 4872 1252 4935 printed
1263 4881 1336 4926 texta

359 4952 566 5003 ’Permultum
575 4952 601 5001 in
609 4950 651 5001 the
657 4951 758 5014 printed
763 4956 836 5000 texts.
921 4951 1079 5015 ‘perveniunt
1086 4950 1113 4999 in
1125 4951 1167 5001 the
1178 4952 1276 5016 printed
1287 4961 1360 5006 texts.

360 5028 624 5082 ‘Portemutlseusibus
640 5029 668 5079 in
686 5030 729 5079 the
740 5030 838 5096 printed
921 5026 1084 5079 'decedentes
1094 5029 1122 5080 lu
1132 5030 1175 5082 the
1186 5033 1284 5096 printed
1294 5042 1368 5085 texts.
