3750 6250
663 1103 1051 1155 maroanauoareaus.
1319 1095 1379 1158 201

274 1293 289 1338 ι.
335 1286 492 1359 habitoque
507 1288 593 1359 juxta
611 1288 762 1344 Coloniam
786 1307 854 1343 cum
875 1289 1030 1345 Lodowico
1047 1289 1083 1343 de
1107 1288 1234 1344 Bavaria
1254 1289 1385 1357 consilio,
1401 1281 1470 1335 A·D·
1482 1290 1555 1337 ¹³38·

275 1409 289 1438 „
334 1371 371 1425 de
389 1379 451 1427 toto
471 1373 601 1445 Imperio
620 1373 695 1428 eitra
713 1373 864 1429 Coloniam
880 1374 945 1444 ejus
963 1374 1103 1428 Vicarius
1121 1373 1217 1428 lactus
1236 1381 1290 1440 est,
1310 1382 1340 1430 et
1351 1376 1387 1430 da
1401 1351 1521 1467 {3¹⁰m⁸.⁰f

274 1450 289 1490 b
335 1457 470 1512 omnibus
490 1459 654 1530 Imperium
673 1459 978 1529 tangentibusvieem
997 1459 1061 1528 ejus
1080 1475 1197 1528 gerens.
1402 1433 1519 1552 almi,

274 1545 291 1590 1,
370 1539 455 1595 Misit
473 1560 589 1613 quoque
602 1541 666 1596 Rex
676 1542 795 1612 Angliae
815 1542 937 1597 Summo
949 1541 1086 1597 Pontifici
1104 1541 1218 1598 litteras
1233 1541 1285 1613 jus
1303 1561 1390 1598 suum
1402 1553 1456 1603 him
1468 1556 1509 1607 hi„

337 1623 367 1678 in
385 1642 478 1695 regno
497 1625 697 1680 ¹Franoorum
715 1626 906 1691 declarantes,
926 1626 959 1680 in
975 1626 1054 1681 huuc
1071 1625 1192 1680 modum
1202 1649 1248 1681 ε-
1403 1621 1491 1673 Vicer-

274 1711 309 1762 rl.
372 1705 410 1740 ²‘¹
424 1709 605 1764 Amabilium
629 1709 692 1763 Deo
717 1711 848 1774 Patrum,
870 1715 1063 1765 sacrosancta
1087 1709 1225 1765 Romanae
1249 1711 1390 1766 Ecclesia)
1403 1730 1475 1783 M),
1487 1737 1558 1785 1³39,

274 1844 297 1893 ‚b
340 1793 359 1819 “
379 1793 589 1859 Cardinalium,
611 1794 744 1864 Collegio
763 1795 937 1859 venerando,
958 1794 1129 1860 Eduardus,
1144 1795 1201 1849 Dei
1219 1796 1316 1865 gratia
1328 1795 1391 1850 Rex
1403 1797 1541 1876 Letteraoi

274 1881 308 1958 'la
341 1879 359 1904 ‘⁸
379 1878 505 1948 Angliae‚
530 1879 672 1933 Dominus
693 1879 855 1942 Hibernia,
876 1886 905 1933 et
923 1879 992 1933 Dux
1012 1878 1190 1950 Aquitania,
1213 1880 1337 1934 sitlutem
1362 1885 1392 1933 et
1405 1864 1475 1928 ¹³¹⁰ss
1486 1866 1537 1916 Dl-

274 1947 316 2016 κ’
341 1963 360 1988 “
380 1963 501 2017 sincera*
531 1964 696 2019 dilectionis
727 1964 873 2018 affectum.
920 1962 1111 2018 Sanctissimo
1142 1963 1233 2027 Patri,
1265 1963 1390 2017 Domino
1403 1932 1559 2051 {mam

277 2080 284 2104 ³
340 2047 359 2072 ‘⁸
381 2045 501 2101 Summo
514 2047 658 2112 Pontifici,
678 2054 745 2119 post
763 2047 862 2102 debita
878 2047 1051 2101 reverentius
1070 2064 1201 2111 munera,
1216 2047 1389 2118 scripsimus
1404 2014 1546 2128 (aldim,

274 2148 278 2161 ·
340 2130 359 2156 “
378 2128 408 2183 in
439 2131 501 2185 hmo
531 2132 684 2186 verbm-⁶
699 2131 755 2186 Jus
785 2139 898 2187 naturae
928 2132 1082 2203 praevium,
1114 2131 1225 2202 pariter
1254 2131 1392 2185 animalia
1404 2131 1498 2197 setting

339 2215 358 2239 ‘⁶
380 2215 507 2269 ‘auriota
531 2215 648 2279 docens,
675 2221 776 2270 contra
799 2215 943 2270 violentas
970 2215 1094 2285 injurias
1121 2215 1269 2271 licentiam
1293 2214 1390 2269 delen·
1403 2197 1471 2275 ffmh
1483 2198 1523 2248 ΜΒ

337 2298 357 2324 “
379 2298 491 2352 ‘sionis
525 2299 658 2364 indulsit,
688 2306 818 2354 statuens
842 2299 1051 2355 universaliter
1074 2299 1142 2371 juro
1169 2300 1287 2363 fuctum,
1313 2265 1550 2382 (111οάἶῖἱῖἓὲζὲῗο

336 2383 356 2408 “
378 2383 535 2453 ‘quisquc
567 2383 628 2438 vim
658 2384 855 2455 injuriamque
885 2385 1070 2457 propulsans,
1103 2403 1186 2439 suam
1217 2383 1320 2440 lecerit
1354 2384 1509 2450 adanam,

336 2467 355 2492 ‘⁸
378 2467 553 2521 ‘cautelam
593 2469 678 2532 Sane,
693 2487 760 2523 cum
774 2469 886 2523 dudum
905 2470 1036 2524 animosa
1054 2486 1230 2538 guerrarum
1247 2468 1388 2539 pericula,

336 2551 356 2577 ‘⁴
378 2550 542 2622 ‘injuriosa
571 2551 744 2606 damnorum
781 2552 962 2619 discrimina,
998 2553 1084 2607 nobis
1112 2559 1192 2607 mota
1216 2552 1337 2607 fuerunt
1361 2560 1391 2607 et

336 2635 356 2660 “
378 2634 490 2698 ‘illata
505 2654 580 2705 qum,
594 2637 648 2690 toti
662 2636 770 2690 mundo
781 2636 904 2700 notoria,
925 2638 974 2691 'et
986 2645 1088 2691 nostra
1100 2637 1188 2691 etiam
1208 2636 1390 2691 intimatione

336 2721 355 2744 ‘⁶
378 2719 546 2789 ‘frequenti
573 2719 751 2790 Aposuaicae
783 2721 853 2774 Sodi
878 2722 963 2784 saeta,
991 2722 1063 2776 satis
1081 2739 1135 2792 pre
1153 2721 1298 2776 constanti
1322 2739 1390 2792 sup-

336 2804 356 2828 “
378 2803 517 2873 ‘ponitur
542 2803 717 2858 beatitudini
735 2810 843 2859 vest-rau
861 2813 948 2869 nota;
976 2821 1039 2868 nos,
1066 2822 1116 2858 eor
1140 2805 1281 2859 habentes
1309 2805 1387 2876 paci-

337 2889 356 2913 “
379 2887 498 2950 ‘ficum
523 2889 605 2942 novit
633 2887 723 2953 Deus,
749 2907 802 2958 pro
823 2887 951 2943 litandis
982 2889 1043 2942 illis
1071 2895 1101 2943 et
1127 2889 1257 2959 pacificis
1283 2889 1389 2943 subdu-

337 2975 355 2997 “
378 2970 508 3034 ‘cendis‚
530 2972 691 3026 obtulimus
709 2991 760 3026 nos
774 2971 939 3026 voluntario
958 2973 1157 3042 persequenti,
1178 2977 1346 3026 reverenter
1360 2983 1391 3027 ct

336 3057 356 3080 “
378 3055 551 3110 ‘humiliter
569 3057 644 3110 sorte
662 3057 760 3121 nimis,
787 3056 927 3110 amabiles
951 3057 1015 3110 vias
1039 3057 1130 3129 pacis,
1155 3074 1213 3110 non
1238 3056 1300 3110 sine
1323 3073 1389 3109 nos-

336 3141 355 3166 “
378 3142 512 3194 ‘trorum
530 3158 637 3211 magna
652 3141 765 3210 jurium
785 3142 936 3205 interesse,
959 3148 1001 3205 ut,
1017 3141 1152 3211 neglecta
1168 3140 1389 3212 ⁴prosecutiono

335 3226 354 3250 ⁴*
377 3225 458 3278 ‘alia
475 3224 635 3295 cujuslibet
655 3224 732 3293 juris
752 3225 854 3290 nostri,
876 3231 1006 3296 ternpore
1025 3225 1077 3278 illo
1098 3223 1173 3293 justi
1192 3224 1310 3287 doloris,
1332 3243 1390 3295 quo

336 3311 354 3335 ‘⁴
377 3312 518 3379 ‘propter
548 3326 699 3363 accensam
731 3309 837 3363 luroris
870 3309 990 3363 Soldani
1021 3308 1182 3363 Babilonioe
1209 3308 1331 3372 rabiem,
1361 3315 1390 3363 et

336 3395 354 3418 “
377 3394 504 3448 ‘Crucis
517 3394 647 3448 hostium
665 3394 799 3457 aliorum,
812 3411 848 3447 ex
863 3411 952 3448 causa
965 3392 1058 3463 jurati
1073 3398 1174 3447 contra
1186 3409 1236 3447 eos
1248 3392 1387 3463 passagii,

336 3481 354 3503 ‘⁶
377 3480 428 3533 ‘et
446 3478 615 3531 solemniter
641 3477 783 3548 publica-ti
802 3478 983 3548 inpartibus
1007 3477 1220 3541 transmarinis,
1245 3477 1388 3548 peribant,

335 3566 354 3588 “
376 3563 429 3616 ‘et
446 3568 571 3632 pereunt
587 3560 757 3624 Christiani,
778 3567 808 3615 et
825 3568 962 3616 crescunt
980 3561 1145 3615 immaniter
1163 3561 1279 3632 injuria
1297 3562 1391 3616 eruci-

336 3651 354 3672 ··“
377 3646 458 3710 ‘lixi
485 3664 646 3716 possemus,
676 3646 752 3700 sicut
775 3645 933 3700 ⁵debemus
958 3652 989 3700 et
1012 3646 1184 3716 propensius
1209 3644 1388 3710 anhelamus,

336 3734 355 3755 “
378 3729 552 3785 ‘intendero
571 3747 666 3784 causta
692 3729 813 3793 Christi,
835 3748 900 3800 quae
918 3729 1094 3799 negligitur,
1114 3729 1205 3784 immo
1218 3729 1318 3784 verius
1337 3730 1390 3783 im-

336 3817 355 3840 “
377 3815 517 3884 ‘ponitur
535 3814 565 3867 in
594 3832 731 3882 magnam
758 3813 916 3883 cujuslibet
935 3812 1121 3867 Christicolae
1145 3814 1237 3883 regis,
1264 3814 1388 3867 maxime

335 3901 355 3925 ‘⁶
378 3898 586 3962 ‘demorantis
612 3898 761 3951 infamiam
787 3904 817 3951 et
841 3898 1011 3968 ignominia
1035 3915 1151 3967 magum
1178 3905 1286 3953 notam.
1331 3897 1389 3953 Sed

335 3985 355 4009 ‘⁶
377 3983 545 4037 ‘noscimus
575 3982 674 4037 veniat
693 3999 750 4052 quo
780 3989 908 4052 peccato,
942 3982 1020 4051 quod
1050 3981 1086 4035 do
1120 3982 1249 4052 pacificis
1284 3982 1388 4036 oblatis

334 4070 354 4093 ‘⁶
377 4067 612 4129 ‘humilite1·‚ex
631 4066 738 4136 quibus
757 4084 880 4136 surgere
899 4066 1001 4122 debuit
1023 4066 1105 4137 pacis
1123 4084 1214 4131 amor,
1235 4067 1265 4120 in
1284 4084 1317 4120 eo
1336 4066 1386 4134 qui

335 4153 354 4178 ‘⁴
377 4155 451 4205 ‘nos
470 4151 533 4206 sola
551 4150 701 4205 voluntate
720 4151 918 4221 persequitur,
937 4150 1058 4221 majoris
1077 4150 1236 4206 iracundiae
1254 4148 1386 4218 majoris·

334 4240 354 4263 ⁴·
377 4242 456 4305 ‘que
468 4235 585 4290 daritim
598 4235 692 4289 erevit
709 4241 815 4289 tumor.
853 4234 963 4290 Contra
974 4253 1026 4289 nos
1039 4241 1137 4289 tamen
1152 4235 1236 4288 illum
1253 4250 1310 4287 nen
1323 4250 1387 4302 pra-

335 4324 354 4347 “
376 4324 383 4347 ⁶
397 4326 490 4383 vocat,
504 4320 585 4374 ⁶Deo
599 4326 630 4374 et
643 4319 821 4374 conscientia
835 4324 934 4374 nostra
947 4325 1022 4374 teste
1038 4319 1131 4382 nobis,
1146 4315 1264 4387 aliquod
1278 4318 1387 4370 lactum

369 4502 374 4530 ¹
389 4498 504 4547 Francia
517 4498 541 4547 in
554 4498 597 4546 the
609 4497 709 4561 printed
721 4504 795 4546 texts.
882 4498 996 4561 singular
1007 4496 1165 4559 inaccuracy,
1177 4495 1232 4544 that
1243 4494 1286 4543 the
1296 4496 1351 4544 text
1361 4496 1393 4543 ot'

367 4578 526 4627 ²llefcreuee
544 4578 566 4625 ia
582 4578 641 4625 here
661 4578 734 4625 made
749 4577 776 4624 in
794 4576 837 4625 the
883 4576 1081 4641 lleraingburgh
1100 4576 1150 4624 and
1173 4574 1229 4622 MS.
1248 4572 1320 4623 Harl.
1339 4579 1387 4624 655

335 4657 450 4707 Arundel
475 4656 532 4705 MS.
558 4663 583 4703 to
601 4654 644 4703 the
670 4657 720 4703 end
740 4655 771 4703 ot'
796 4654 838 4703 the
880 4655 1107 4721 (aContinuation
1123 4654 1154 4701 of
1167 4653 1296 4715 llogeref
1309 4652 1387 4703 Ches-

335 4737 446 4789 ralame;
455 4734 538 4782 where
548 4733 681 4782 theletus
690 4733 711 4779 is
721 4733 838 4788 inserted.
882 4739 933 4799 ter)
947 4736 1064 4783 hasbeen
1074 4733 1188 4796 adopted.

333 4818 379 4866 but
391 4816 416 4863 in
434 4815 529 4863 ahand
548 4813 579 4863 of
593 4812 636 4862 the
652 4812 711 4861 rath
727 4820 838 4875 century.
915 4818 967 4864 'er
978 4812 1221 4871 installantes.

334 4895 399 4945 Like
409 4895 450 4944 the
459 4902 520 4951 art,
533 4894 657 4953 however,
669 4893 701 4941 of
707 4891 759 4940 thia
767 4892 841 4941 letter
920 4897 926 4924 ¹
936 4893 1109 4960 persecutione,
1121 4892 1192 4942 llarl.
1206 4897 1261 4942 555.

334 4975 361 5023 in
377 4973 419 5023 the
430 4974 531 5037 printed
539 4971 653 5021 versionis
668 4972 698 5021 os
712 4971 840 5035 Walsing-
916 4977 926 5003 ⁵
937 4971 1085 5029 ricbertum,
1098 4970 1170 5020 llarl.
1183 4976 1243 5023 ⁶55.

335 5054 403 5113 ham,
421 5053 441 5104 it
462 5053 484 5104 ia
506 5051 662 5103 transcribed
691 5049 753 5101 with
779 5052 840 5102 such
918 5050 1101 5112 ‘Deuaflut
1115 5056 1171 5100 655.
