3750 6250
702 1086 864 1136 meream
879 1077 1086 1135 incursans.
1353 1071 1415 1134 135

306 1286 350 1332 ve,
363 1272 467 1328 hilaris
492 1281 539 1328 est
563 1273 693 1338 effectus,
724 1281 758 1328 nt
782 1273 912 1327 dolerem
938 1291 1026 1344 quem
1056 1273 1092 1326 dc
1118 1279 1211 1326 morto
1239 1271 1320 1326 Petri
1348 1289 1414 1326 con·
1460 1286 1530 1336 M),

361 1363 488 1429 ceperat,
508 1363 693 1429 temperaret.
730 1356 777 1412 Ab
797 1357 848 1411 illo
867 1357 924 1421 die,
945 1356 1008 1411 Deo
1025 1356 1204 1427 disponente,
1224 1355 1318 1410 crevit
1334 1357 1583 1412 amor131221313·

306 1404 330 1457 ’¹‘
361 1442 425 1507 lilii,
440 1449 470 1500 et
487 1443 606 1498 evannit
623 1442 654 1497 ia
671 1441 736 1513 ejus
755 1442 841 1497 corde
862 1441 943 1496 Petri
962 1440 1120 1506 momoria3
1141 1446 1172 1495 et
1192 1440 1254 1495 Rex
1271 1440 1414 1496 voluntati

359 1545 479 1583 suorum
506 1546 659 1599 procerum
682 1526 798 1582 facilius
823 1526 908 1582 solito
932 1523 1144 1580 condescendit.
1227 1517 1238 1536 '

306 1619 336 1670 ri·
394 1612 505 1667 Eodem
525 1631 609 1677 anno,
636 1612 684 1667 die
708 1611 792 1667 Jovis
811 1612 842 1665 in
860 1610 987 1665 erastino
1007 1609 1120 1665 Sancta)
1146 1609 1245 1664 Luciae
1265 1608 1408 1680 Virginis,
1423 1617 1571 1684 Ancalipse

358 1696 475 1767 eclipsis
488 1697 564 1752 lunas
583 1697 692 1767 incepit
709 1696 740 1750 in
758 1696 851 1751 noctis
869 1694 1049 1766 crepusculo,
1063 1700 1094 1750 et
1104 1711 1156 1765 per
1168 1694 1258 1749 trium
1273 1694 1411 1749 horarum
1422 1686 1588 1739 0f¹h²¹¹¹0⁰¹¹⁸

306 1754 327 1804 ἰ·
360 1781 487 1852 spatium
506 1782 683 1853 perduravit.

395 1866 513 1920 Transit
532 1884 624 1921 annus
643 1866 699 1921 isto
720 1865 821 1936 fruges
833 1864 1004 1937 producens,
1026 1869 1057 1920 et
1077 1864 1189 1920 lrnctus
1208 1863 1333 1929 fecicum
1359 1861 1411 1919 sad

306 1972 325 2021 ,1¹
361 1955 421 2004 lam
448 1968 532 2005 rarus
565 1950 661 2006 extitit
687 1948 846 2021 'utroque3
878 1949 1009 2013 Gallicis,
1045 1949 1197 2019 Soetisque
1220 1945 1409 2014 tolerabilis,

360 2033 466 2104 Anglis
485 2034 594 2099 varius,
620 2034 772 2098 sollicitus,
793 2040 824 2088 ct
842 2033 1055 2089 formidolosus.

394 2118 480 2173 Auno
505 2119 609 2188 gratiae
636 2118 792 2172 millesimo
819 2118 1023 2172 trecentesimo
1049 2116 1247 2181 'duodecima
1281 2115 1333 2187 qui
1364 2121 1410 2172 est

357 2219 450 2257 armus
462 2203 547 2272 regni
559 2202 649 2272 Regis
662 2202 807 2265 Edwardi,
821 2220 840 2256 a
853 2202 1030 2274 Conquestu
1046 2202 1181 2266 Secundi,
1192 2206 1299 2266 sextus,
1314 2201 1408 2256 tonuit

358 2285 420 2341 Rex
431 2286 537 2341 Natale
549 2287 627 2358 apud
638 2285 900 2357 Wyndcleshores3
926 2304 993 2341 eum
1012 2286 1099 2342 multi
1116 2286 1227 2341 nobiles
1247 2304 1282 2340 ex
1301 2284 1405 2340 Galliis
1418 2289 1580 2343 Dissensious

357 2371 563 2434 interfuerunt,
596 2388 768 2425 susurrones
794 2370 891 2433 invisi,
921 2378 952 2427 et
976 2371 1154 2426 detractores
1185 2371 1247 2425 Dee
1273 2370 1404 2425 odibiles.
1420 2360 1558 2474 ffitzffiby
1590 2402 1592 2406 ν

359 2453 415 2509 Per
433 2456 488 2510 hoc
512 2462 626 2525 tempus
655 2454 738 2524 regni
767 2454 895 2509 Berones
921 2455 1070 2510 criminari
1097 2472 1186 2526 pones
1208 2455 1320 2526 Regem
1347 2459 1407 2509 tcto
1421 2491 1516 2543 noble&

358 2539 507 2594 conamina
515 2539 694 2602 insistebant,
703 2544 734 2593 ct
745 2538 836 2608 ipsius
845 2538 936 2608 Regis
949 2539 1077 2594 animum
1090 2540 1121 2593 in
1133 2539 1232 2594 odium
1241 2544 1408 2593 convertero

357 2623 536 2678 sormidam..
562 2624 731 2677 Effccerunt
756 2622 857 2691 igitur,
887 2629 921 2678 ut
947 2623 1009 2677 Rex
1037 2642 1138 2678 eorum
1165 2623 1288 2678 coasilia
1312 2623 1408 2694 parvi·

357 2708 505 2779 penderet,
529 2713 559 2763 et
577 2708 613 2761 ab
633 2707 675 2761 cis
697 2707 834 2762 affectum
861 2714 1016 2770 everteret,
1042 2716 1073 2763 ot
1093 2708 1206 2763 cultum
1227 2706 1358 2762 debitum
1380 2712 1411 2762 et

357 2798 535 2847 consuetum.
583 2792 704 2846 Factum
731 2800 777 2845 est
805 2790 906 2861 igitur,
937 2798 972 2846 ut
998 2809 1101 2846 rancor
1127 2792 1305 2846 inveteratus
1333 2791 1410 2846 inter

345 2878 469 2949 =Regem
488 2886 518 2934 et
533 2896 667 2949 proceros
689 2878 848 2932 lomentum
860 2877 1005 2947 reciperet
1024 2876 1198 2941 redivivum,
1221 2883 1251 2932 et
1266 2875 1409 2947 quicquid

357 2963 407 3017 nni
424 2962 501 3033 parti
521 2963 640 3033 placuit,
661 2962 745 3017 altori
765 2961 946 3031 displicebat.

390 3047 476 3101 Anno
508 3048 562 3101 sub
590 3047 700 3111 eodem,
732 3045 814 3100 citati
841 3053 909 3100 sunt
935 3045 972 3099 ad
1000 3044 1230 3100 Parliamontnm
1249 3043 1406 3099 Lorrdeniis
1419 3057 1576 3113 Pru-liment

357 3132 521 3188 faciendum
540 3132 636 3187 cuncti
663 3137 823 3201 magnates,
846 3137 877 3185 ct
898 3130 949 3200 qui
970 3130 1006 3184 de
1026 3131 1233 3186 consuetudine
1252 3130 1337 3184 citari
1356 3129 1405 3183 dc·
1419 3127 1568 3181 atIondon.

357 3217 489 3279 buerant,
511 3216 557 3271 vel
580 3217 616 3271 do
633 3216 710 3287 juro.
758 3215 878 3271 Cunctis
905 3216 999 3285 igitur
1026 3215 1140 3270 clericis
1160 3214 1355 3285 congregatis,
1376 3220 1408 3269 et

307 3301 448 3369 aalaicis,
471 3301 613 3355 Dominus
642 3300 705 3355 Rex
731 3318 851 3369 gravem
877 3299 1013 3370 deposuit
1039 3299 1248 3369 querimoniam
1276 3299 1312 3353 do
1339 3316 1405 3353 con·

357 3392 469 3457 temptu
491 3402 553 3449 suo,
583 3392 613 3440 et
633 3383 746 3438 damnis
766 3383 822 3438 sibi
843 3383 932 3438 illatis
956 3401 1009 3455 per
1035 3384 1165 3439 Berones
1193 3384 1304 3439 dudum
1328 3383 1406 3454 apud
1417 3378 1579 3434 Diwutsions

307 3440 325 3492 'L
356 3470 474 3525 Nosnm
486 3470 622 3524 Castrum
635 3486 722 3538 super
734 3469 855 3537 synam,
869 3475 908 3531 ct,
930 3467 1008 3538 qnod
1020 3469 1085 3539 plus
1098 3468 1200 3532 doluit,
1218 3469 1254 3524 de
1272 3468 1405 3539 captione
1417 3447 1541 3566 {hfflbffi

356 3555 447 3616 Petri,
471 3561 501 3609 et
520 3554 609 3624 impia
627 3552 830 3615 trucidatione,
851 3553 1025 3623 perpetratis
1052 3570 1105 3623 per
1124 3553 1241 3608 eosdem
1262 3552 1401 3607 Berones.
1415 3529 1551 3645 laga}

356 3640 484 3695 Berones
504 3655 573 3691 vero
594 3637 631 3690 ad
649 3636 702 3690 has
732 3636 864 3706 querelas
887 3636 1062 3690 unanimiter
1080 3637 1300 3708 responderunt,
1321 3654 1353 3691 se
1372 3636 1403 3690 in
1415 3645 1563 3702 thenobleg„

355 3723 513 3796 praemissis
534 3721 698 3776 nullatenus
711 3720 879 3790 deliquisse,
902 3721 991 3774 immo
1003 3721 1100 3792 potius
1113 3722 1204 3792 Regis
1226 3721 1352 3792 gratiam
1373 3728 1404 3776 et

355 3826 482 3863 amorem
495 3806 689 3878 promeruisse
699 3827 706 3870 ;
729 3823 797 3859 cum
808 3823 866 3858 non
878 3804 908 3857 in
920 3811 1117 3876 contemptum
1129 3806 1246 3876 regiam
1254 3812 1402 3861 contraxe-

355 3900 423 3948 runt
443 3910 496 3964 pro
520 3898 589 3947 tuno
617 3889 783 3969 exercitum,
813 3889 863 3942 sed
892 3894 926 3943 ut
954 3889 1038 3958 regni
1064 3890 1215 3944 inimicam
1242 3890 1402 3961 publicum,

356 3978 523 4032 multotiens
558 3993 611 4046 per
637 3974 874 4028 communitatem
910 3973 1037 4044 Angliaa
1073 3992 1108 4028 ex
1138 3975 1263 4030 duorum
1297 3992 1404 4045 regum

356 4080 483 4123 assensu,
506 4068 588 4115 extra
605 4058 764 4121 bannitum,
787 4056 987 4123 destruerent3
1014 4075 1067 4130 pcr
1092 4077 1179 4130 qnam
1198 4060 1268 4114 laesa
1293 4059 1349 4114 suit
1373 4059 1403 4112 in

356 4146 527 4200 immensum
562 4146 640 4198 lama
673 4143 770 4212 regia3
809 4160 861 4212 per
897 4161 984 4213 quem
1015 4143 1196 4214 expilabatur
1221 4163 1278 4199 non
1308 4144 1403 4199 solum

355 4230 445 4301 Regis
473 4230 525 4284 sed
552 4228 636 4297 regni
661 4227 830 4290 substantia,
853 4245 905 4298 per
933 4245 1020 4297 quem
1047 4229 1187 4284 suscitata
1212 4230 1307 4283 fuerat
1326 4228 1403 4282 inter

356 4315 466 4385 Regem
486 4323 516 4369 et
537 4332 604 4368 suos
628 4311 770 4366 dissensio
791 4312 962 4382 periculosa.
1012 4312 1051 4368 Et
1071 4313 1254 4376 addidenmt,
1275 4330 1306 4367 se
1325 4311 1402 4366 velle

356 4401 452 4456 videre
472 4402 559 4455 finem
579 4399 762 4469 negotiorum
783 4399 861 4452 cirea
880 4418 944 4469 qum
957 4399 1042 4469 plura
1054 4399 1256 4470 expenderant,
1272 4398 1402 4468 graviter

355 4487 561 4550 laboraverant,
584 4493 615 4540 et
633 4503 664 4540 se
683 4492 714 4543 ct
732 4503 799 4540 suos
818 4484 922 4540 ³nimis
943 4493 1131 4549 vexaverant3
1157 4504 1209 4540 nec
1221 4485 1402 4555 proiecerant

355 4571 390 4625 ad
418 4572 471 4626 hoc
490 4580 614 4642 tempus.
662 4570 804 4624 Dicebant
822 4570 949 4641 insuper,
970 4570 1047 4624 nolle
1068 4589 1155 4624 ranas
1183 4568 1398 4640 promissiones,

355 4664 382 4710 et
401 4656 604 4719 infructuosas,
628 4654 770 4725 cujusquo
796 4653 832 4707 de
862 4660 967 4708 coetere
991 4652 1162 4723 praestolari.
1208 4652 1308 4722 quue
1332 4670 1396 4724 pcr-

382 4849 400 4854 -,
412 4847 628 4855 ..—-—.—..
953 4843 1107 4851 -—..-
1116 4844 1128 4849 -
1135 4843 1396 4851 ..—-..--——

389 4955 519 5018 'utrinqne
538 4953 564 5002 in
584 4953 626 5003 the
648 4952 747 5017 printed
768 4959 854 5001 texts:
931 4948 1314 5015 ²dccimoterliointheprinted
1325 4958 1397 5002 texts:

356 5034 540 5099 sacramentale
552 5033 617 5084 Bibl.
628 5033 691 5098 Bag.
706 5037 735 5083 13
746 5031 776 5084 E.
787 5030 822 5082 ix.
931 5029 1022 5078 'minis
1033 5028 1059 5078 in
1071 5029 1112 5080 the
1122 5029 1221 5093 printed
1231 5037 1305 5080 texts·
