3750 6250
581 1832 825 1909 'riurano
847 1835 905 1910 Al)
931 1835 1173 1913 LECTOREM.

722 2064 1052 2074 —a—-ss-ffl

406 2238 487 2307 CUM
520 2261 580 2305 nos
610 2261 678 2306 non
706 2241 802 2307 nobis
832 2241 938 2307 solum
969 2246 1066 2308 natos
1098 2264 1168 2309 esse
1191 2243 1410 2321 meminerim,

362 2344 491 2429 (lector
514 2345 653 2434 optime)
683 2346 741 2412 sed
766 2346 892 2434 patriae,
927 2347 1128 2434 parentibus,
1157 2352 1193 2412 et
1214 2346 1337 2425 amieis,
1368 2348 1411 2413 is-

360 2452 429 2514 tam
466 2448 602 2514 Thomas
633 2447 874 2536 Walsinghemi
905 2448 1093 2515 Historiam
1126 2470 1194 2515 non
1231 2450 1291 2514 uni
1329 2450 1411 2515 mihi

360 2552 488 2638 private
521 2550 735 2630 retinendam,
760 2552 817 2617 sed
840 2552 882 2617 ad
906 2572 1113 2618 communem
1149 2552 1296 2618 omnium
1320 2552 1411 2618 utili-

360 2659 464 2719 tatem
486 2652 733 2741 divulgandam,
756 2654 893 2742 putavi:
927 2654 1028 2741 idque
1051 2676 1089 2721 eo
1112 2655 1228 2743 magis,
1256 2657 1411 2742 quoniam

360 2754 414 2821 ille
444 2755 671 2844 percommode
707 2756 853 2822 exordiri
890 2755 973 2821 mihi
1011 2757 1146 2824 videtur
1184 2758 1226 2823 ab
1258 2757 1411 2824 Henrico

362 2857 470 2924 Tertio
495 2858 594 2944 Rege,
616 2858 653 2924 in
668 2880 732 2946 quo
747 2880 827 2927 vere
846 2859 905 2925 ille
927 2865 963 2926 et
984 2860 1091 2926 fidelis
1116 2860 1269 2927 Metthaei
1293 2860 1410 2925 Parisii

361 2959 512 3026 Historia
533 2960 640 3026 desiit.
701 2960 771 3027 Lex
793 2967 904 3028 autem
928 2984 1003 3027 cum
1026 2962 1097 3029 haec
1119 2964 1164 3029 sit
1186 2962 1343 3041 historiae,
1371 2969 1410 3028 ut

360 3064 405 3129 rei
427 3065 538 3152 potins
562 3065 736 3130 veritatem
761 3086 860 3152 quam
881 3065 1040 3130 orationis
1069 3064 1267 3153 elegantiam
1284 3065 1410 3132 deside·

359 3173 417 3243 ret,
449 3167 535 3233 illud
566 3189 618 3233 me
652 3189 783 3254 quoquo
826 3168 923 3233 modo
959 3167 1128 3233 dehortari
1161 3190 1228 3234 non
1266 3175 1408 3254 poterat,

360 3270 446 3356 quod
462 3269 518 3335 ille
533 3291 638 3335 crasso
653 3290 690 3334 ae
704 3269 865 3335 levidensi
879 3271 936 3335 filo
953 3269 1126 3356 scripserit.
1161 3271 1304 3358 Egregie
1321 3271 1409 3335 enim

360 3378 394 3436 et
424 3371 592 3437 rarissima
614 3377 709 3458 gesta
731 3394 804 3438 cum
837 3373 926 3437 illius
960 3362 1101 3437 historie
1132 3374 1311 3453 contineat,
1342 3396 1410 3439 non

361 3473 477 3539 dubito
492 3474 574 3561 quin
596 3475 704 3540 multa
725 3474 814 3560 apud
837 3496 896 3539 nos
919 3474 1077 3561 praeclare
1099 3475 1233 3563 ingenia
1256 3477 1332 3554 sint,
1350 3477 1408 3562 qui

360 3600 430 3643 cum
454 3600 512 3665 per
527 3584 659 3644 aetatem
682 3578 799 3642 melius
821 3576 958 3664 possint,
983 3576 1044 3642 hoc
1066 3576 1155 3642 illius
1179 3598 1260 3664 opus
1283 3576 1410 3643 meliori

360 3679 432 3746 fuco
454 3686 490 3745 et
512 3685 673 3767 apparatu
695 3680 915 3768 splendidiore
938 3679 1115 3745 illustrent.
1163 3679 1339 3745 Rationem
1358 3681 1409 3744 in-

361 3783 457 3848 terim
479 3788 514 3848 et
536 3783 722 3869 exemplum
752 3782 821 3847 Titi
855 3781 943 3846 Livii
977 3780 1155 3848 Frulovisii
1191 3781 1407 3848 Ferrariensis

361 3885 435 3950 odi:
475 3885 534 3972 qni
567 3905 641 3950 oum
674 3883 822 3949 Heartei
853 3882 979 3965 Quinti
1010 3905 1062 3949 res
1085 3890 1207 3971 ‘gestas
1240 3886 1407 3971 proposito

359 3987 493 4074 praemio
526 3985 714 4053 scribendas
743 3988 780 4050 in
801 4007 835 4051 se
858 3987 1057 4072 susciperet;
1084 4008 1126 4051 ne
1148 3986 1318 4051 videretur
1349 4008 1405 4051 au-

359 4089 488 4155 thorem
511 4088 675 4175 quendam
698 4086 840 4171 ἀνώνυμον
862 4089 986 4154 eisdem
1001 4089 1151 4174 vestigiis
1174 4089 1311 4173 insequi,
1329 4110 1408 4174 quo-

360 4193 448 4257 niam
485 4192 602 4278 pingui
637 4190 789 4255 Minerva
821 4212 901 4255 usus
934 4196 1028 4269 esset,
1051 4190 1142 4274 cujus
1177 4189 1328 4255 Historia
1362 4191 1408 4254 sic

361 4294 538 4370 exorditur,
563 4299 582 4328 “
598 4292 746 4358 Lucerna
779 4292 887 4378 posita
917 4293 978 4357 sub
1009 4290 1146 4370 modio‚”
1176 4291 1347 4357 multaab
1370 4313 1408 4356 eo

362 4397 488 4484 egregie
522 4395 653 4482 scripta,
678 4399 713 4459 et
734 4417 755 4458 a
785 4394 931 4480 principe
965 4394 1090 4480 inclyto
1125 4394 1288 4457 divinitus
1311 4393 1407 4471 facta,

363 4499 498 4564 omnino
512 4497 732 4583 praetermisit.
779 4495 951 4562 Curiosam
966 4496 1066 4560 istam
1088 4495 1124 4558 in
1147 4494 1228 4559 alios
1243 4495 1407 4578 injuriam,

364 4622 419 4664 seu
441 4600 617 4664 delicatam
652 4598 859 4686 philantiam,
892 4620 961 4663 non
982 4596 1135 4684 approbo,
1159 4596 1311 4683 maloque
1334 4619 1409 4662 cnm

364 4701 450 4767 bona
483 4701 548 4766 fide
586 4699 782 4766 crassissima
819 4700 909 4765 dicta
946 4720 1205 4777 commemorare,
1237 4720 1344 4784 quam,
1371 4705 1411 4765 ut

373 4895 439 4904 -ο
446 4894 702 4903 *φα-ρ----
719 4891 975 4900 --ι-κυ---ςη--η
1161 4891 1315 4899 ..μυ-...ω-
1322 4892 1381 4898 .--.-
1403 4894 1409 4898 .

509 5008 522 5037 ⁸
542 5006 646 5057 Profice
659 5013 685 5056 to
695 5004 859 5069 Archbishop
869 5005 989 5056 Parker's
999 5004 1112 5064 Edition,
1125 5005 1193 5056 A.D.
1208 5007 1279 5055 1⁶74.

372 5127 426 5170 m
1259 5101 1282 5146 Α
