<?xml version="1.0" encoding="UTF-8"?>
<!DOCTYPE html PUBLIC "-//W3C//DTD XHTML 1.0 Transitional//EN"
    "http://www.w3.org/TR/xhtml1/DTD/xhtml1-transitional.dtd">
<html xmlns="http://www.w3.org/1999/xhtml" xml:lang="en" lang="en">
 <head>
  <title>
</title>
<meta http-equiv="Content-Type" content="text/html;charset=utf-8" />
  <meta name='ocr-system' content='tesseract 3.04.00' />
  <meta name='ocr-capabilities' content='ocr_page ocr_carea ocr_par ocr_line ocrx_word'/>
</head>
<body>
  <div class='ocr_page' id='page_1' title='image "./thomaewalsingha00rilegoog_0163.png"; bbox 0 0 3750 6250; ppageno 0'>
   <div class='ocr_carea' id='block_1_1' title="bbox 681 1092 1399 1155">
    <p class='ocr_par' dir='ltr' id='par_1_1' title="bbox 681 1092 1399 1155">
     <span class='ocr_line' id='line_1_1' title="bbox 681 1092 1399 1155; baseline -0.001 0"><span class='ocrx_word' id='word_1_1' title='bbox 681 1102 1067 1155; x_wconf 74' lang='lat' dir='ltr'>msrouuiuonicini.</span> <span class='ocrx_word' id='word_1_2' title='bbox 1336 1092 1399 1155; x_wconf 76' lang='lat'>125</span> 
     </span>
    </p>
   </div>
   <div class='ocr_carea' id='block_1_2' title="bbox 302 1290 1577 4390">
    <p class='ocr_par' dir='ltr' id='par_1_2' title="bbox 349 1290 1569 1448">
     <span class='ocr_line' id='line_1_2' title="bbox 350 1290 1569 1364; baseline -0.003 -17"><span class='ocrx_word' id='word_1_3' title='bbox 350 1290 388 1347; x_wconf 91' lang='lat' dir='ltr'>ab</span> <span class='ocrx_word' id='word_1_4' title='bbox 406 1291 494 1347; x_wconf 87' lang='lat' dir='ltr'>exilio</span> <span class='ocrx_word' id='word_1_5' title='bbox 511 1308 666 1357; x_wconf 75' lang='lat' dir='ltr'>revocare3</span> <span class='ocrx_word' id='word_1_6' title='bbox 686 1293 954 1363; x_wconf 89' lang='lat' dir='ltr'>communicatoque</span> <span class='ocrx_word' id='word_1_7' title='bbox 973 1309 1061 1363; x_wconf 90' lang='lat' dir='ltr'>super</span> <span class='ocrx_word' id='word_1_8' title='bbox 1085 1293 1140 1347; x_wconf 89' lang='lat' dir='ltr'>hoc</span> <span class='ocrx_word' id='word_1_9' title='bbox 1164 1308 1232 1348; x_wconf 91' lang='lat' dir='ltr'>cum</span> <span class='ocrx_word' id='word_1_10' title='bbox 1257 1292 1319 1348; x_wconf 83' lang='lat' dir='ltr'>suis</span> <span class='ocrx_word' id='word_1_11' title='bbox 1342 1291 1402 1364; x_wconf 87' lang='lat' dir='ltr'>pri-</span> <span class='ocrx_word' id='word_1_12' title='bbox 1415 1292 1485 1343; x_wconf 81' lang='lat' dir='ltr'><strong>A.D.</strong></span> <span class='ocrx_word' id='word_1_13' title='bbox 1497 1296 1569 1343; x_wconf 77' lang='lat'>1³10.</span> 
     </span>
     <span class='ocr_line' id='line_1_3' title="bbox 349 1375 1402 1448; baseline -0.002 -16"><span class='ocrx_word' id='word_1_14' title='bbox 349 1376 427 1432; x_wconf 72' lang='lat' dir='ltr'>vatis</span> <span class='ocrx_word' id='word_1_15' title='bbox 469 1377 598 1440; x_wconf 92' lang='lat' dir='ltr'>consilio,</span> <span class='ocrx_word' id='word_1_16' title='bbox 643 1384 818 1447; x_wconf 89' lang='lat' dir='ltr'>suggestum</span> <span class='ocrx_word' id='word_1_17' title='bbox 859 1383 912 1442; x_wconf 89' lang='lat' dir='ltr'>est,</span> <span class='ocrx_word' id='word_1_18' title='bbox 957 1377 1034 1448; x_wconf 89' lang='lat' dir='ltr'>quod</span> <span class='ocrx_word' id='word_1_19' title='bbox 1065 1377 1090 1432; x_wconf 88' lang='lat' dir='ltr'>si</span> <span class='ocrx_word' id='word_1_20' title='bbox 1120 1393 1250 1432; x_wconf 87' lang='lat' dir='ltr'>sororem</span> <span class='ocrx_word' id='word_1_21' title='bbox 1280 1375 1402 1432; x_wconf 77' lang='lat' dir='ltr'>Comitis</span> 
     </span>
    </p>

    <p class='ocr_par' dir='ltr' id='par_1_3' title="bbox 302 1454 1403 1617">
     <span class='ocr_line' id='line_1_4' title="bbox 302 1454 1403 1532; baseline 0 -17"><span class='ocrx_word' id='word_1_22' title='bbox 302 1454 321 1505; x_wconf 68' lang='lat' dir='ltr'>*l</span> <span class='ocrx_word' id='word_1_23' title='bbox 352 1458 526 1525; x_wconf 80' lang='lat' dir='ltr'>Gloverniae,</span> <span class='ocrx_word' id='word_1_24' title='bbox 547 1461 598 1532; x_wconf 90' lang='lat' dir='ltr'>qui</span> <span class='ocrx_word' id='word_1_25' title='bbox 616 1467 685 1516; x_wconf 86' lang='lat' dir='ltr'>tunc</span> <span class='ocrx_word' id='word_1_26' title='bbox 704 1467 767 1516; x_wconf 87' lang='lat' dir='ltr'>erat</span> <span class='ocrx_word' id='word_1_27' title='bbox 781 1462 907 1532; x_wconf 83' lang='lat' dir='ltr'>juvenis,</span> <span class='ocrx_word' id='word_1_28' title='bbox 928 1460 999 1517; x_wconf 75' lang='lat' dir='ltr'>*toti</span> <span class='ocrx_word' id='word_1_29' title='bbox 1017 1478 1107 1531; x_wconf 89' lang='lat' dir='ltr'>regno</span> <span class='ocrx_word' id='word_1_30' title='bbox 1132 1461 1264 1524; x_wconf 88' lang='lat' dir='ltr'>dilectus,</span> <span class='ocrx_word' id='word_1_31' title='bbox 1294 1467 1324 1516; x_wconf 90' lang='lat' dir='ltr'>et</span> <span class='ocrx_word' id='word_1_32' title='bbox 1349 1461 1403 1515; x_wconf 87' lang='lat' dir='ltr'>sub</span> 
     </span>
     <span class='ocr_line' id='line_1_5' title="bbox 351 1545 1402 1617; baseline -0.002 -17"><span class='ocrx_word' id='word_1_33' title='bbox 351 1545 446 1600; x_wconf 88' lang='lat' dir='ltr'>tutela</span> <span class='ocrx_word' id='word_1_34' title='bbox 463 1545 564 1615; x_wconf 86' lang='lat' dir='ltr'>Regis,</span> <span class='ocrx_word' id='word_1_35' title='bbox 584 1546 706 1617; x_wconf 84' lang='lat' dir='ltr'>praelato</span> <span class='ocrx_word' id='word_1_36' title='bbox 724 1545 813 1601; x_wconf 90' lang='lat' dir='ltr'>Petro</span> <span class='ocrx_word' id='word_1_37' title='bbox 831 1545 915 1601; x_wconf 84' lang='lat' dir='ltr'>daret</span> <span class='ocrx_word' id='word_1_38' title='bbox 941 1546 972 1601; x_wconf 90' lang='lat' dir='ltr'>in</span> <span class='ocrx_word' id='word_1_39' title='bbox 997 1546 1161 1615; x_wconf 89' lang='lat' dir='ltr'>conjugem,</span> <span class='ocrx_word' id='word_1_40' title='bbox 1180 1552 1280 1617; x_wconf 86' lang='lat' dir='ltr'>posset</span> <span class='ocrx_word' id='word_1_41' title='bbox 1306 1546 1402 1616; x_wconf 88' lang='lat' dir='ltr'>ipsum</span> 
     </span>
    </p>

    <p class='ocr_par' dir='ltr' id='par_1_4' title="bbox 303 1629 1403 1786">
     <span class='ocr_line' id='line_1_6' title="bbox 303 1629 1403 1704; baseline 0 -21"><span class='ocrx_word' id='word_1_42' title='bbox 303 1664 320 1704; x_wconf 47' lang='grc' dir='ltr'>,Ι</span> <span class='ocrx_word' id='word_1_43' title='bbox 351 1629 474 1685; x_wconf 89' lang='lat' dir='ltr'>Petrum</span> <span class='ocrx_word' id='word_1_44' title='bbox 491 1630 528 1685; x_wconf 91' lang='lat' dir='ltr'>ab</span> <span class='ocrx_word' id='word_1_45' title='bbox 546 1630 632 1685; x_wconf 87' lang='lat' dir='ltr'>exilio</span> <span class='ocrx_word' id='word_1_46' title='bbox 651 1647 786 1685; x_wconf 87' lang='lat' dir='ltr'>revocare</span> <span class='ocrx_word' id='word_1_47' title='bbox 805 1630 958 1701; x_wconf 84' lang='lat' dir='ltr'><strong>intrepide.</strong></span> <span class='ocrx_word' id='word_1_48' title='bbox 997 1630 1065 1685; x_wconf 89' lang='lat' dir='ltr'>Rati</span> <span class='ocrx_word' id='word_1_49' title='bbox 1084 1635 1152 1684; x_wconf 88' lang='lat' dir='ltr'>sunt</span> <span class='ocrx_word' id='word_1_50' title='bbox 1169 1630 1258 1685; x_wconf 84' lang='lat' dir='ltr'>etiam</span> <span class='ocrx_word' id='word_1_51' title='bbox 1284 1635 1403 1701; x_wconf 88' lang='lat' dir='ltr'>propter</span> 
     </span>
     <span class='ocr_line' id='line_1_7' title="bbox 351 1713 1400 1786; baseline -0.002 -17"><span class='ocrx_word' id='word_1_52' title='bbox 351 1731 480 1769; x_wconf 84' lang='lat' dir='ltr'>amorem</span> <span class='ocrx_word' id='word_1_53' title='bbox 510 1714 642 1778; x_wconf 81' lang='lat' dir='ltr'>Comitis,</span> <span class='ocrx_word' id='word_1_54' title='bbox 676 1715 785 1785; x_wconf 88' lang='lat' dir='ltr'>pariter</span> <span class='ocrx_word' id='word_1_55' title='bbox 810 1723 840 1769; x_wconf 91' lang='lat' dir='ltr'>ct</span> <span class='ocrx_word' id='word_1_56' title='bbox 865 1714 1012 1777; x_wconf 90' lang='lat' dir='ltr'>bonorem,</span> <span class='ocrx_word' id='word_1_57' title='bbox 1049 1714 1133 1786; x_wconf 87' lang='lat' dir='ltr'>enjus</span> <span class='ocrx_word' id='word_1_58' title='bbox 1159 1721 1237 1769; x_wconf 83' lang='lat' dir='ltr'>esset</span> <span class='ocrx_word' id='word_1_59' title='bbox 1263 1713 1400 1776; x_wconf 85' lang='lat' dir='ltr'>sororius,</span> 
     </span>
    </p>

    <p class='ocr_par' dir='ltr' id='par_1_5' title="bbox 302 1787 1400 1870">
     <span class='ocr_line' id='line_1_8' title="bbox 302 1787 1400 1870; baseline 0.003 -21"><span class='ocrx_word' id='word_1_60' title='bbox 302 1787 339 1849; x_wconf 70' lang='lat' dir='ltr'>Jln</span> <span class='ocrx_word' id='word_1_61' title='bbox 351 1805 503 1869; x_wconf 85' lang='lat' dir='ltr'>magnates</span> <span class='ocrx_word' id='word_1_62' title='bbox 528 1807 647 1854; x_wconf 88' lang='lat' dir='ltr'>caeteros</span> <span class='ocrx_word' id='word_1_63' title='bbox 682 1817 749 1854; x_wconf 87' lang='lat' dir='ltr'>eum</span> <span class='ocrx_word' id='word_1_64' title='bbox 782 1816 868 1870; x_wconf 91' lang='lat' dir='ltr'>posse</span> <span class='ocrx_word' id='word_1_65' title='bbox 901 1799 996 1868; x_wconf 88' lang='lat' dir='ltr'>magis</span> <span class='ocrx_word' id='word_1_66' title='bbox 1030 1798 1231 1870; x_wconf 72' lang='lat' dir='ltr'>aequanimiter</span> <span class='ocrx_word' id='word_1_67' title='bbox 1266 1798 1400 1853; x_wconf 88' lang='lat' dir='ltr'>tolerare.</span> 
     </span>
    </p>

    <p class='ocr_par' dir='ltr' id='par_1_6' title="bbox 302 1882 1546 1953">
     <span class='ocr_line' id='line_1_9' title="bbox 302 1882 1546 1953; baseline -0.001 -16"><span class='ocrx_word' id='word_1_68' title='bbox 302 1889 339 1951; x_wconf 61' lang='lat'>21„</span> <span class='ocrx_word' id='word_1_69' title='bbox 351 1882 450 1953; x_wconf 81' lang='lat' dir='ltr'><strong>Igitur</strong></span> <span class='ocrx_word' id='word_1_70' title='bbox 468 1901 535 1938; x_wconf 91' lang='lat' dir='ltr'>enm</span> <span class='ocrx_word' id='word_1_71' title='bbox 553 1883 735 1939; x_wconf 84' lang='lat' dir='ltr'>festinatione</span> <span class='ocrx_word' id='word_1_72' title='bbox 754 1883 879 1937; x_wconf 87' lang='lat' dir='ltr'>maxima</span> <span class='ocrx_word' id='word_1_73' title='bbox 895 1883 1019 1938; x_wconf 84' lang='lat' dir='ltr'>missum</span> <span class='ocrx_word' id='word_1_74' title='bbox 1037 1889 1083 1938; x_wconf 88' lang='lat' dir='ltr'>est</span> <span class='ocrx_word' id='word_1_75' title='bbox 1108 1884 1139 1937; x_wconf 91' lang='lat' dir='ltr'>in</span> <span class='ocrx_word' id='word_1_76' title='bbox 1164 1882 1345 1945; x_wconf 82' lang='lat' dir='ltr'>Hiberniam,</span> <span class='ocrx_word' id='word_1_77' title='bbox 1373 1887 1403 1937; x_wconf 87' lang='lat' dir='ltr'>ct</span> <span class='ocrx_word' id='word_1_78' title='bbox 1417 1887 1546 1939; x_wconf 76' lang='lat' dir='ltr'>Gareaton</span> 
     </span>
    </p>

    <p class='ocr_par' dir='ltr' id='par_1_7' title="bbox 302 1953 1572 2050">
     <span class='ocr_line' id='line_1_10' title="bbox 302 1953 1572 2050; baseline -0.002 -28"><span class='ocrx_word' id='word_1_79' title='bbox 302 2018 317 2050; x_wconf 41' lang='grc' dir='ltr'><strong>Ὦ</strong></span> <span class='ocrx_word' id='word_1_80' title='bbox 352 1967 458 2023; x_wconf 67' lang='lat' dir='ltr'>Penus</span> <span class='ocrx_word' id='word_1_81' title='bbox 476 1968 507 2021; x_wconf 90' lang='lat' dir='ltr'>in</span> <span class='ocrx_word' id='word_1_82' title='bbox 524 1967 663 2037; x_wconf 83' lang='lat' dir='ltr'>Angliam</span> <span class='ocrx_word' id='word_1_83' title='bbox 681 1973 726 2023; x_wconf 89' lang='lat' dir='ltr'>est</span> <span class='ocrx_word' id='word_1_84' title='bbox 743 1967 891 2022; x_wconf 70' lang='lat' dir='ltr'>reduetus,</span> <span class='ocrx_word' id='word_1_85' title='bbox 928 1966 992 2022; x_wconf 88' lang='lat' dir='ltr'>Nec</span> <span class='ocrx_word' id='word_1_86' title='bbox 1009 1985 1100 2030; x_wconf 89' lang='lat' dir='ltr'>mera,</span> <span class='ocrx_word' id='word_1_87' title='bbox 1115 1967 1265 2021; x_wconf 81' lang='lat' dir='ltr'>Rexinter</span> <span class='ocrx_word' id='word_1_88' title='bbox 1280 1965 1402 2021; x_wconf 90' lang='lat' dir='ltr'>Petrum</span> <span class='ocrx_word' id='word_1_89' title='bbox 1415 1953 1572 2005; x_wconf 59' lang='lat' dir='ltr'>mmiffilhe</span> 
     </span>
    </p>

    <p class='ocr_par' dir='ltr' id='par_1_8' title="bbox 317 2019 1577 2135">
     <span class='ocr_line' id='line_1_11' title="bbox 317 2019 1577 2135; baseline -0.001 -29"><span class='ocrx_word' id='word_1_90' title='bbox 317 2041 323 2058; x_wconf 90' lang='grc'><strong>’</strong></span> <span class='ocrx_word' id='word_1_91' title='bbox 352 2058 383 2106; x_wconf 87' lang='lat' dir='ltr'>et</span> <span class='ocrx_word' id='word_1_92' title='bbox 418 2050 525 2106; x_wconf 84' lang='lat' dir='ltr'>dictam</span> <span class='ocrx_word' id='word_1_93' title='bbox 565 2069 693 2106; x_wconf 90' lang='lat' dir='ltr'>sororem</span> <span class='ocrx_word' id='word_1_94' title='bbox 724 2051 846 2106; x_wconf 79' lang='lat' dir='ltr'>Comitis</span> <span class='ocrx_word' id='word_1_95' title='bbox 884 2049 974 2106; x_wconf 69' lang='lat' dir='ltr'>²facit</span> <span class='ocrx_word' id='word_1_96' title='bbox 1002 2051 1119 2122; x_wconf 86' lang='lat' dir='ltr'>nuptias</span> <span class='ocrx_word' id='word_1_97' title='bbox 1150 2050 1300 2114; x_wconf 84' lang='lat' dir='ltr'>celebrari,</span> <span class='ocrx_word' id='word_1_98' title='bbox 1332 2050 1403 2106; x_wconf 88' lang='lat' dir='ltr'>lieet</span> <span class='ocrx_word' id='word_1_99' title='bbox 1416 2019 1577 2135; x_wconf 42' lang='lat' dir='ltr'>&amp;uffhgm</span> 
     </span>
    </p>

    <p class='ocr_par' dir='ltr' id='par_1_9' title="bbox 302 2102 1521 2206">
     <span class='ocr_line' id='line_1_12' title="bbox 302 2102 1521 2206; baseline 0 -18"><span class='ocrx_word' id='word_1_100' title='bbox 302 2139 341 2202; x_wconf 51' lang='grc' dir='ltr'>ᾗχι</span> <span class='ocrx_word' id='word_1_101' title='bbox 352 2134 477 2190; x_wconf 87' lang='lat' dir='ltr'>multum</span> <span class='ocrx_word' id='word_1_102' title='bbox 504 2135 610 2191; x_wconf 75' lang='lat' dir='ltr'>comiti</span> <span class='ocrx_word' id='word_1_103' title='bbox 645 2134 840 2206; x_wconf 78' lang='lat' dir='ltr'><strong>displicerent.</strong></span> <span class='ocrx_word' id='word_1_104' title='bbox 893 2134 1005 2189; x_wconf 84' lang='lat' dir='ltr'>Exinde</span> <span class='ocrx_word' id='word_1_105' title='bbox 1031 2134 1137 2189; x_wconf 90' lang='lat' dir='ltr'>Petrus</span> <span class='ocrx_word' id='word_1_106' title='bbox 1164 2136 1256 2190; x_wconf 88' lang='lat' dir='ltr'>erexit</span> <span class='ocrx_word' id='word_1_107' title='bbox 1282 2151 1399 2197; x_wconf 88' lang='lat' dir='ltr'>cornua,</span> <span class='ocrx_word' id='word_1_108' title='bbox 1416 2102 1521 2202; x_wconf 51' lang='lat' dir='ltr'>phefl&#39;op</span> 
     </span>
    </p>

    <p class='ocr_par' dir='ltr' id='par_1_10' title="bbox 303 2217 1564 2291">
     <span class='ocr_line' id='line_1_13' title="bbox 303 2217 1564 2291; baseline -0.002 -19"><span class='ocrx_word' id='word_1_109' title='bbox 303 2255 308 2267; x_wconf 86' lang='lat'><strong>·</strong></span> <span class='ocrx_word' id='word_1_110' title='bbox 352 2224 383 2274; x_wconf 88' lang='lat' dir='ltr'>et</span> <span class='ocrx_word' id='word_1_111' title='bbox 394 2219 460 2291; x_wconf 85' lang='lat' dir='ltr'>plns</span> <span class='ocrx_word' id='word_1_112' title='bbox 473 2219 558 2274; x_wconf 83' lang='lat' dir='ltr'>solito</span> <span class='ocrx_word' id='word_1_113' title='bbox 576 2220 659 2289; x_wconf 88' lang='lat' dir='ltr'>regni</span> <span class='ocrx_word' id='word_1_114' title='bbox 672 2217 784 2273; x_wconf 91' lang='lat' dir='ltr'>nobiles</span> <span class='ocrx_word' id='word_1_115' title='bbox 795 2218 960 2290; x_wconf 76' lang='lat' dir='ltr'>vilipendit.</span> <span class='ocrx_word' id='word_1_116' title='bbox 997 2218 1060 2274; x_wconf 88' lang='lat' dir='ltr'>Nec</span> <span class='ocrx_word' id='word_1_117' title='bbox 1072 2219 1131 2273; x_wconf 90' lang='lat' dir='ltr'>hiis</span> <span class='ocrx_word' id='word_1_118' title='bbox 1144 2219 1261 2290; x_wconf 87' lang='lat' dir='ltr'>quidem</span> <span class='ocrx_word' id='word_1_119' title='bbox 1280 2218 1400 2290; x_wconf 86' lang='lat' dir='ltr'>quievit,</span> <span class='ocrx_word' id='word_1_120' title='bbox 1416 2218 1564 2270; x_wconf 86' lang='lat' dir='ltr'>Glouceater</span> 
     </span>
    </p>

    <p class='ocr_par' dir='ltr' id='par_1_11' title="bbox 302 2276 1505 2542">
     <span class='ocr_line' id='line_1_14' title="bbox 302 2276 1498 2373; baseline -0.002 -15"><span class='ocrx_word' id='word_1_121' title='bbox 302 2276 404 2358; x_wconf 43' lang='lat' dir='ltr'>‘used</span> <span class='ocrx_word' id='word_1_122' title='bbox 422 2302 534 2372; x_wconf 81' lang='lat' dir='ltr'>Regem</span> <span class='ocrx_word' id='word_1_123' title='bbox 561 2304 633 2358; x_wconf 87' lang='lat' dir='ltr'>adeo</span> <span class='ocrx_word' id='word_1_124' title='bbox 658 2303 816 2366; x_wconf 80' lang='lat' dir='ltr'>enervavit,</span> <span class='ocrx_word' id='word_1_125' title='bbox 844 2321 880 2357; x_wconf 89' lang='lat' dir='ltr'>ne</span> <span class='ocrx_word' id='word_1_126' title='bbox 905 2303 1010 2366; x_wconf 87' lang='lat' dir='ltr'>dicam,</span> <span class='ocrx_word' id='word_1_127' title='bbox 1030 2303 1193 2367; x_wconf 75' lang='lat' dir='ltr'>infatuavit,</span> <span class='ocrx_word' id='word_1_128' title='bbox 1214 2310 1248 2359; x_wconf 91' lang='lat' dir='ltr'>nt</span> <span class='ocrx_word' id='word_1_129' title='bbox 1273 2321 1323 2359; x_wconf 88' lang='lat' dir='ltr'>cer</span> <span class='ocrx_word' id='word_1_130' title='bbox 1338 2302 1402 2373; x_wconf 84' lang='lat' dir='ltr'>ejus</span> <span class='ocrx_word' id='word_1_131' title='bbox 1416 2285 1498 2348; x_wconf 63' lang='lat' dir='ltr'>(AD-</span> 
     </span>
     <span class='ocr_line' id='line_1_15' title="bbox 351 2355 1505 2460; baseline -0.003 -17"><span class='ocrx_word' id='word_1_132' title='bbox 351 2393 505 2450; x_wconf 84' lang='lat' dir='ltr'>averteret,</span> <span class='ocrx_word' id='word_1_133' title='bbox 526 2394 555 2442; x_wconf 91' lang='lat' dir='ltr'>et</span> <span class='ocrx_word' id='word_1_134' title='bbox 572 2387 760 2450; x_wconf 83' lang='lat' dir='ltr'>voluntatem,</span> <span class='ocrx_word' id='word_1_135' title='bbox 780 2405 798 2442; x_wconf 91' lang='lat' dir='ltr'>a</span> <span class='ocrx_word' id='word_1_136' title='bbox 824 2394 909 2458; x_wconf 86' lang='lat' dir='ltr'>paeto</span> <span class='ocrx_word' id='word_1_137' title='bbox 927 2387 1005 2458; x_wconf 90' lang='lat' dir='ltr'>quod</span> <span class='ocrx_word' id='word_1_138' title='bbox 1022 2388 1183 2460; x_wconf 77' lang='lat' dir='ltr'>pepigerat,</span> <span class='ocrx_word' id='word_1_139' title='bbox 1212 2406 1248 2443; x_wconf 91' lang='lat' dir='ltr'>ne</span> <span class='ocrx_word' id='word_1_140' title='bbox 1265 2386 1404 2443; x_wconf 81' lang='lat' dir='ltr'>videlieet</span> <span class='ocrx_word' id='word_1_141' title='bbox 1419 2355 1505 2416; x_wconf 75' lang='lat'>¹³⁰⁷)&#39;</span> 
     </span>
     <span class='ocr_line' id='line_1_16' title="bbox 351 2471 1401 2542; baseline -0.001 -15"><span class='ocrx_word' id='word_1_142' title='bbox 351 2477 491 2527; x_wconf 78' lang='lat' dir='ltr'>tractaret</span> <span class='ocrx_word' id='word_1_143' title='bbox 519 2472 603 2542; x_wconf 90' lang='lat' dir='ltr'>regni</span> <span class='ocrx_word' id='word_1_144' title='bbox 633 2471 750 2541; x_wconf 87' lang='lat' dir='ltr'>negotia</span> <span class='ocrx_word' id='word_1_145' title='bbox 780 2472 842 2526; x_wconf 90' lang='lat' dir='ltr'>sine</span> <span class='ocrx_word' id='word_1_146' title='bbox 872 2472 1018 2526; x_wconf 87' lang='lat' dir='ltr'>communi</span> <span class='ocrx_word' id='word_1_147' title='bbox 1054 2473 1174 2528; x_wconf 85' lang='lat' dir='ltr'>consilio</span> <span class='ocrx_word' id='word_1_148' title='bbox 1210 2474 1401 2528; x_wconf 88' lang='lat' dir='ltr'>dominorum.</span> 
     </span>
    </p>

    <p class='ocr_par' dir='ltr' id='par_1_12' title="bbox 302 2547 1567 2632">
     <span class='ocr_line' id='line_1_17' title="bbox 302 2547 1567 2632; baseline 0.001 -21"><span class='ocrx_word' id='word_1_149' title='bbox 302 2587 342 2632; x_wconf 66' lang='grc' dir='ltr'>η,</span> <span class='ocrx_word' id='word_1_150' title='bbox 372 2555 470 2627; x_wconf 82' lang='lat' dir='ltr'>Goepit</span> <span class='ocrx_word' id='word_1_151' title='bbox 482 2556 579 2618; x_wconf 88' lang='lat' dir='ltr'>etiam,</span> <span class='ocrx_word' id='word_1_152' title='bbox 594 2557 670 2611; x_wconf 83' lang='lat' dir='ltr'>sicut</span> <span class='ocrx_word' id='word_1_153' title='bbox 688 2557 779 2627; x_wconf 86' lang='lat' dir='ltr'>prins.</span> <span class='ocrx_word' id='word_1_154' title='bbox 800 2555 893 2610; x_wconf 89' lang='lat' dir='ltr'>indies</span> <span class='ocrx_word' id='word_1_155' title='bbox 912 2556 1082 2611; x_wconf 89' lang='lat' dir='ltr'>thesaurum</span> <span class='ocrx_word' id='word_1_156' title='bbox 1101 2556 1192 2626; x_wconf 87' lang='lat' dir='ltr'>Regis</span> <span class='ocrx_word' id='word_1_157' title='bbox 1211 2557 1359 2627; x_wconf 78' lang='lat' dir='ltr'>colligere,</span> <span class='ocrx_word' id='word_1_158' title='bbox 1374 2563 1405 2612; x_wconf 92' lang='lat' dir='ltr'>et</span> <span class='ocrx_word' id='word_1_159' title='bbox 1417 2547 1567 2599; x_wconf 59' lang='grc' dir='ltr'>Αῗθῐῑθθθῖ</span> 
     </span>
    </p>

    <p class='ocr_par' dir='ltr' id='par_1_13' title="bbox 338 2615 1555 2712">
     <span class='ocr_line' id='line_1_18' title="bbox 338 2615 1555 2712; baseline 0 -17"><span class='ocrx_word' id='word_1_160' title='bbox 338 2640 582 2710; x_wconf 84' lang='lat' dir='ltr'>&#39;negotiatoribus</span> <span class='ocrx_word' id='word_1_161' title='bbox 593 2640 791 2695; x_wconf 84' lang='lat' dir='ltr'>ultramarinis</span> <span class='ocrx_word' id='word_1_162' title='bbox 809 2640 1020 2702; x_wconf 88' lang='lat' dir='ltr'>commendare,</span> <span class='ocrx_word' id='word_1_163' title='bbox 1034 2659 1091 2695; x_wconf 94' lang='lat' dir='ltr'>non</span> <span class='ocrx_word' id='word_1_164' title='bbox 1104 2642 1222 2711; x_wconf 89' lang='lat' dir='ltr'>quidem</span> <span class='ocrx_word' id='word_1_165' title='bbox 1240 2642 1277 2696; x_wconf 85' lang='lat' dir='ltr'>ad</span> <span class='ocrx_word' id='word_1_166' title='bbox 1294 2642 1401 2712; x_wconf 86' lang='lat' dir='ltr'>regios,</span> <span class='ocrx_word' id='word_1_167' title='bbox 1418 2615 1555 2666; x_wconf 54' lang='lat' dir='ltr'>mmm·</span> 
     </span>
    </p>

    <p class='ocr_par' dir='ltr' id='par_1_14' title="bbox 302 2708 1572 3216">
     <span class='ocr_line' id='line_1_19' title="bbox 302 2708 1403 2796; baseline 0.001 -17"><span class='ocrx_word' id='word_1_168' title='bbox 302 2708 322 2758; x_wconf 81' lang='lat'>⁸¹·</span> <span class='ocrx_word' id='word_1_169' title='bbox 350 2724 403 2779; x_wconf 80' lang='lat' dir='ltr'>sed</span> <span class='ocrx_word' id='word_1_170' title='bbox 429 2723 466 2779; x_wconf 85' lang='lat' dir='ltr'>ad</span> <span class='ocrx_word' id='word_1_171' title='bbox 496 2742 565 2778; x_wconf 89' lang='lat' dir='ltr'>usus</span> <span class='ocrx_word' id='word_1_172' title='bbox 592 2742 678 2788; x_wconf 79' lang='lat' dir='ltr'>suos3</span> <span class='ocrx_word' id='word_1_173' title='bbox 714 2732 744 2779; x_wconf 88' lang='lat' dir='ltr'>et</span> <span class='ocrx_word' id='word_1_174' title='bbox 769 2725 801 2778; x_wconf 92' lang='lat' dir='ltr'>in</span> <span class='ocrx_word' id='word_1_175' title='bbox 820 2730 935 2779; x_wconf 87' lang='lat' dir='ltr'>tantum</span> <span class='ocrx_word' id='word_1_176' title='bbox 961 2724 1101 2795; x_wconf 85' lang='lat' dir='ltr'>expilavit</span> <span class='ocrx_word' id='word_1_177' title='bbox 1129 2725 1252 2796; x_wconf 88' lang='lat' dir='ltr'>Regem,</span> <span class='ocrx_word' id='word_1_178' title='bbox 1281 2732 1316 2780; x_wconf 91' lang='lat' dir='ltr'>ut</span> <span class='ocrx_word' id='word_1_179' title='bbox 1345 2743 1403 2780; x_wconf 90' lang='lat' dir='ltr'>non</span> 
     </span>
     <span class='ocr_line' id='line_1_20' title="bbox 351 2808 1403 2879; baseline 0.001 -17"><span class='ocrx_word' id='word_1_180' title='bbox 351 2808 471 2863; x_wconf 86' lang='lat' dir='ltr'>haberet</span> <span class='ocrx_word' id='word_1_181' title='bbox 494 2808 569 2863; x_wconf 90' lang='lat' dir='ltr'>unde</span> <span class='ocrx_word' id='word_1_182' title='bbox 594 2808 720 2863; x_wconf 86' lang='lat' dir='ltr'>solveret</span> <span class='ocrx_word' id='word_1_183' title='bbox 743 2826 868 2879; x_wconf 85' lang='lat' dir='ltr'>expensa</span> <span class='ocrx_word' id='word_1_184' title='bbox 891 2816 1030 2863; x_wconf 88' lang='lat' dir='ltr'>consueta</span> <span class='ocrx_word' id='word_1_185' title='bbox 1051 2809 1098 2864; x_wconf 79' lang='lat' dir='ltr'>vel</span> <span class='ocrx_word' id='word_1_186' title='bbox 1118 2811 1282 2865; x_wconf 85' lang='lat' dir='ltr'>necessaria</span> <span class='ocrx_word' id='word_1_187' title='bbox 1300 2809 1403 2864; x_wconf 88' lang='lat' dir='ltr'>domus</span> 
     </span>
     <span class='ocr_line' id='line_1_21' title="bbox 351 2892 1572 2971; baseline 0.001 -24"><span class='ocrx_word' id='word_1_188' title='bbox 351 2911 420 2947; x_wconf 80' lang='lat' dir='ltr'>sum.</span> <span class='ocrx_word' id='word_1_189' title='bbox 465 2892 528 2946; x_wconf 85' lang='lat' dir='ltr'>Nee</span> <span class='ocrx_word' id='word_1_190' title='bbox 557 2893 652 2946; x_wconf 89' lang='lat' dir='ltr'>solum</span> <span class='ocrx_word' id='word_1_191' title='bbox 682 2892 744 2945; x_wconf 84' lang='lat' dir='ltr'>Rex</span> <span class='ocrx_word' id='word_1_192' title='bbox 762 2893 806 2946; x_wconf 91' lang='lat' dir='ltr'>rei</span> <span class='ocrx_word' id='word_1_193' title='bbox 827 2892 980 2946; x_wconf 79' lang='lat' dir='ltr'>familiaris</span> <span class='ocrx_word' id='word_1_194' title='bbox 1004 2893 1135 2963; x_wconf 84' lang='lat' dir='ltr'>penuria,</span> <span class='ocrx_word' id='word_1_195' title='bbox 1161 2893 1243 2948; x_wconf 89' lang='lat' dir='ltr'>Petri</span> <span class='ocrx_word' id='word_1_196' title='bbox 1267 2893 1401 2956; x_wconf 87' lang='lat' dir='ltr'>stultitia,</span> <span class='ocrx_word' id='word_1_197' title='bbox 1417 2892 1473 2942; x_wconf 83' lang='lat' dir='ltr'>The</span> <span class='ocrx_word' id='word_1_198' title='bbox 1485 2892 1572 2971; x_wconf 64' lang='lat' dir='ltr'>Quaen</span> 
     </span>
     <span class='ocr_line' id='line_1_22' title="bbox 351 2959 1556 3046; baseline 0.002 -16"><span class='ocrx_word' id='word_1_199' title='bbox 351 2976 501 3039; x_wconf 84' lang='lat' dir='ltr'>laboravit,</span> <span class='ocrx_word' id='word_1_200' title='bbox 523 2976 569 3029; x_wconf 82' lang='lat' dir='ltr'>vel</span> <span class='ocrx_word' id='word_1_201' title='bbox 589 2976 683 3045; x_wconf 85' lang='lat' dir='ltr'>inagis</span> <span class='ocrx_word' id='word_1_202' title='bbox 704 2976 841 3040; x_wconf 73' lang='lat' dir='ltr'>oi&#39;aritia;</span> <span class='ocrx_word' id='word_1_203' title='bbox 862 2977 914 3030; x_wconf 79' lang='lat' dir='ltr'>sed</span> <span class='ocrx_word' id='word_1_204' title='bbox 933 2976 1048 3046; x_wconf 87' lang='lat' dir='ltr'>Regina</span> <span class='ocrx_word' id='word_1_205' title='bbox 1067 2985 1181 3031; x_wconf 85' lang='lat' dir='ltr'>tantum</span> <span class='ocrx_word' id='word_1_206' title='bbox 1200 2979 1287 3032; x_wconf 90' lang='lat' dir='ltr'>rebus</span> <span class='ocrx_word' id='word_1_207' title='bbox 1304 2995 1403 3032; x_wconf 86' lang='lat' dir='ltr'>neees—</span> <span class='ocrx_word' id='word_1_208' title='bbox 1417 2959 1556 3024; x_wconf 49' lang='grc' dir='ltr'>0011191ιιωι</span> 
     </span>
     <span class='ocr_line' id='line_1_23' title="bbox 351 3026 1520 3133; baseline 0 -18"><span class='ocrx_word' id='word_1_209' title='bbox 351 3061 436 3115; x_wconf 88' lang='lat' dir='ltr'>sariis</span> <span class='ocrx_word' id='word_1_210' title='bbox 462 3060 620 3123; x_wconf 87' lang='lat' dir='ltr'>artabatur,</span> <span class='ocrx_word' id='word_1_211' title='bbox 646 3065 680 3113; x_wconf 91' lang='lat' dir='ltr'>nt</span> <span class='ocrx_word' id='word_1_212' title='bbox 701 3060 777 3129; x_wconf 87' lang='lat' dir='ltr'>Regi</span> <span class='ocrx_word' id='word_1_213' title='bbox 805 3059 945 3122; x_wconf 70' lang='lat' dir='ltr'>Francia,</span> <span class='ocrx_word' id='word_1_214' title='bbox 974 3061 1049 3133; x_wconf 87' lang='lat' dir='ltr'>patri</span> <span class='ocrx_word' id='word_1_215' title='bbox 1077 3079 1139 3125; x_wconf 87' lang='lat' dir='ltr'>suo,</span> <span class='ocrx_word' id='word_1_216' title='bbox 1172 3061 1403 3133; x_wconf 85' lang='lat' dir='ltr'>lacrymabiliter</span> <span class='ocrx_word' id='word_1_217' title='bbox 1417 3026 1520 3075; x_wconf 55' lang='lat' dir='ltr'>them</span> 
     </span>
     <span class='ocr_line' id='line_1_24' title="bbox 351 3144 1402 3216; baseline 0 -16"><span class='ocrx_word' id='word_1_218' title='bbox 351 3153 522 3216; x_wconf 77' lang='lat' dir='ltr'>quereretur</span> <span class='ocrx_word' id='word_1_219' title='bbox 540 3145 591 3198; x_wconf 81' lang='lat' dir='ltr'>⁴se</span> <span class='ocrx_word' id='word_1_220' title='bbox 616 3144 724 3198; x_wconf 89' lang='lat' dir='ltr'>honore</span> <span class='ocrx_word' id='word_1_221' title='bbox 749 3145 846 3200; x_wconf 90' lang='lat' dir='ltr'>debite</span> <span class='ocrx_word' id='word_1_222' title='bbox 871 3145 1050 3200; x_wconf 87' lang='lat' dir='ltr'>destitutam.</span> <span class='ocrx_word' id='word_1_223' title='bbox 1089 3144 1134 3199; x_wconf 93' lang='lat' dir='ltr'>Ob</span> <span class='ocrx_word' id='word_1_224' title='bbox 1160 3164 1247 3216; x_wconf 89' lang='lat' dir='ltr'>qnam</span> <span class='ocrx_word' id='word_1_225' title='bbox 1274 3163 1402 3209; x_wconf 85' lang='lat' dir='ltr'>causam,</span> 
     </span>
    </p>

    <p class='ocr_par' dir='ltr' id='par_1_15' title="bbox 350 3229 1404 3385">
     <span class='ocr_line' id='line_1_25' title="bbox 351 3229 1404 3300; baseline 0 -16"><span class='ocrx_word' id='word_1_226' title='bbox 351 3229 413 3284; x_wconf 83' lang='lat' dir='ltr'>Rex</span> <span class='ocrx_word' id='word_1_227' title='bbox 426 3229 556 3283; x_wconf 73' lang='lat' dir='ltr'>Francise</span> <span class='ocrx_word' id='word_1_228' title='bbox 573 3236 690 3283; x_wconf 89' lang='lat' dir='ltr'>cunctos</span> <span class='ocrx_word' id='word_1_229' title='bbox 709 3229 859 3299; x_wconf 81' lang='lat' dir='ltr'>Anglieos,</span> <span class='ocrx_word' id='word_1_230' title='bbox 874 3230 929 3283; x_wconf 87' lang='lat' dir='ltr'>sibi</span> <span class='ocrx_word' id='word_1_231' title='bbox 942 3236 1033 3292; x_wconf 86' lang='lat' dir='ltr'>notos,</span> <span class='ocrx_word' id='word_1_232' title='bbox 1048 3247 1100 3300; x_wconf 89' lang='lat' dir='ltr'>pre</span> <span class='ocrx_word' id='word_1_233' title='bbox 1113 3230 1215 3284; x_wconf 82' lang='lat' dir='ltr'>talium</span> <span class='ocrx_word' id='word_1_234' title='bbox 1232 3230 1404 3285; x_wconf 77' lang='lat' dir='ltr'>abusionum</span> 
     </span>
     <span class='ocr_line' id='line_1_26' title="bbox 350 3313 813 3385; baseline -0.004 -17"><span class='ocrx_word' id='word_1_235' title='bbox 350 3313 505 3369; x_wconf 84' lang='lat' dir='ltr'>tolerantia</span> <span class='ocrx_word' id='word_1_236' title='bbox 522 3313 625 3367; x_wconf 90' lang='lat' dir='ltr'>durius</span> <span class='ocrx_word' id='word_1_237' title='bbox 643 3313 813 3385; x_wconf 81' lang='lat' dir='ltr'>increpavit.</span> 
     </span>
    </p>

    <p class='ocr_par' dir='ltr' id='par_1_16' title="bbox 302 3396 1551 3636">
     <span class='ocr_line' id='line_1_27' title="bbox 302 3396 1550 3469; baseline 0.001 -17"><span class='ocrx_word' id='word_1_238' title='bbox 302 3403 322 3454; x_wconf 83' lang='lat' dir='ltr'>l.</span> <span class='ocrx_word' id='word_1_239' title='bbox 386 3396 468 3451; x_wconf 85' lang='lat' dir='ltr'>luter</span> <span class='ocrx_word' id='word_1_240' title='bbox 486 3397 558 3458; x_wconf 82' lang='lat' dir='ltr'>haec,</span> <span class='ocrx_word' id='word_1_241' title='bbox 579 3396 696 3459; x_wconf 86' lang='lat' dir='ltr'>Petrus,</span> <span class='ocrx_word' id='word_1_242' title='bbox 722 3397 828 3466; x_wconf 88' lang='lat' dir='ltr'>spiritu</span> <span class='ocrx_word' id='word_1_243' title='bbox 854 3397 1017 3466; x_wconf 81' lang='lat' dir='ltr'>exagitatus</span> <span class='ocrx_word' id='word_1_244' title='bbox 1044 3397 1197 3467; x_wconf 71' lang='lat' dir='ltr'>superbia,</span> <span class='ocrx_word' id='word_1_245' title='bbox 1222 3399 1306 3469; x_wconf 91' lang='lat' dir='ltr'>regni</span> <span class='ocrx_word' id='word_1_246' title='bbox 1328 3398 1403 3453; x_wconf 88' lang='lat' dir='ltr'>deri·</span> <span class='ocrx_word' id='word_1_247' title='bbox 1417 3398 1550 3448; x_wconf 74' lang='lat' dir='ltr'>Intolenee</span> 
     </span>
     <span class='ocr_line' id='line_1_28' title="bbox 351 3465 1551 3551; baseline 0.001 -16"><span class='ocrx_word' id='word_1_248' title='bbox 351 3480 439 3536; x_wconf 90' lang='lat' dir='ltr'>debat</span> <span class='ocrx_word' id='word_1_249' title='bbox 468 3497 610 3551; x_wconf 82' lang='lat' dir='ltr'>proceres,</span> <span class='ocrx_word' id='word_1_250' title='bbox 641 3480 836 3535; x_wconf 87' lang='lat' dir='ltr'>subsannabat</span> <span class='ocrx_word' id='word_1_251' title='bbox 862 3480 1032 3544; x_wconf 87' lang='lat' dir='ltr'>mediocres,</span> <span class='ocrx_word' id='word_1_252' title='bbox 1060 3480 1221 3550; x_wconf 84' lang='lat' dir='ltr'>jactitando</span> <span class='ocrx_word' id='word_1_253' title='bbox 1255 3499 1296 3546; x_wconf 90' lang='lat' dir='ltr'>se,</span> <span class='ocrx_word' id='word_1_254' title='bbox 1327 3465 1551 3537; x_wconf 58' lang='lat' dir='ltr'>sicut⁰fG⁸m</span> 
     </span>
     <span class='ocr_line' id='line_1_29' title="bbox 352 3540 1471 3636; baseline 0.002 -17"><span class='ocrx_word' id='word_1_255' title='bbox 352 3565 444 3636; x_wconf 89' lang='lat' dir='ltr'>prius,</span> <span class='ocrx_word' id='word_1_256' title='bbox 458 3564 530 3635; x_wconf 91' lang='lat' dir='ltr'>ipsis</span> <span class='ocrx_word' id='word_1_257' title='bbox 544 3564 653 3626; x_wconf 85' lang='lat' dir='ltr'>invitis,</span> <span class='ocrx_word' id='word_1_258' title='bbox 670 3562 794 3618; x_wconf 79' lang='lat' dir='ltr'>⁵euucta</span> <span class='ocrx_word' id='word_1_259' title='bbox 812 3564 975 3629; x_wconf 67' lang='lat' dir='ltr'>facturum</span> <span class='ocrx_word' id='word_1_260' title='bbox 994 3580 1047 3618; x_wconf 92' lang='lat' dir='ltr'>nec</span> <span class='ocrx_word' id='word_1_261' title='bbox 1064 3570 1142 3619; x_wconf 89' lang='lat' dir='ltr'>esset</span> <span class='ocrx_word' id='word_1_262' title='bbox 1160 3566 1210 3636; x_wconf 87' lang='lat' dir='ltr'>qui</span> <span class='ocrx_word' id='word_1_263' title='bbox 1229 3584 1290 3620; x_wconf 82' lang='lat' dir='ltr'>snae</span> <span class='ocrx_word' id='word_1_264' title='bbox 1304 3566 1405 3621; x_wconf 84' lang='lat' dir='ltr'>volun·</span> <span class='ocrx_word' id='word_1_265' title='bbox 1419 3540 1471 3582; x_wconf 59' lang='lat' dir='ltr'>wn‘</span> 
     </span>
    </p>

    <p class='ocr_par' dir='ltr' id='par_1_17' title="bbox 302 3646 1407 3804">
     <span class='ocr_line' id='line_1_30' title="bbox 302 3646 1405 3728; baseline 0.002 -25"><span class='ocrx_word' id='word_1_266' title='bbox 302 3682 341 3728; x_wconf 58' lang='lat' dir='ltr'>n,</span> <span class='ocrx_word' id='word_1_267' title='bbox 353 3648 422 3703; x_wconf 63' lang='lat' dir='ltr'>ntis</span> <span class='ocrx_word' id='word_1_268' title='bbox 440 3648 622 3719; x_wconf 86' lang='lat' dir='ltr'>propositum</span> <span class='ocrx_word' id='word_1_269' title='bbox 641 3646 857 3716; x_wconf 90' lang='lat' dir='ltr'>quomodolibet</span> <span class='ocrx_word' id='word_1_270' title='bbox 874 3647 1038 3716; x_wconf 88' lang='lat' dir='ltr'>impediret.</span> <span class='ocrx_word' id='word_1_271' title='bbox 1077 3648 1174 3719; x_wconf 86' lang='lat' dir='ltr'>Igitur</span> <span class='ocrx_word' id='word_1_272' title='bbox 1187 3650 1324 3714; x_wconf 77' lang='lat' dir='ltr'>Berones,</span> <span class='ocrx_word' id='word_1_273' title='bbox 1338 3667 1405 3705; x_wconf 91' lang='lat' dir='ltr'>con-</span> 
     </span>
     <span class='ocr_line' id='line_1_31' title="bbox 353 3730 1407 3804; baseline 0.001 -17"><span class='ocrx_word' id='word_1_274' title='bbox 353 3732 514 3787; x_wconf 85' lang='lat' dir='ltr'>siderantes</span> <span class='ocrx_word' id='word_1_275' title='bbox 533 3731 611 3801; x_wconf 90' lang='lat' dir='ltr'>qnod</span> <span class='ocrx_word' id='word_1_276' title='bbox 637 3749 737 3785; x_wconf 90' lang='lat' dir='ltr'>eornm</span> <span class='ocrx_word' id='word_1_277' title='bbox 761 3731 902 3800; x_wconf 86' lang='lat' dir='ltr'>patientia</span> <span class='ocrx_word' id='word_1_278' title='bbox 928 3730 1017 3787; x_wconf 88' lang='lat' dir='ltr'>Petro</span> <span class='ocrx_word' id='word_1_279' title='bbox 1044 3731 1223 3802; x_wconf 89' lang='lat' dir='ltr'>malignandi</span> <span class='ocrx_word' id='word_1_280' title='bbox 1250 3733 1407 3804; x_wconf 63' lang='lat' dir='ltr'>praestabat</span> 
     </span>
    </p>

    <p class='ocr_par' dir='ltr' id='par_1_18' title="bbox 303 3799 1406 4139">
     <span class='ocr_line' id='line_1_32' title="bbox 303 3799 1405 3887; baseline 0.001 -16"><span class='ocrx_word' id='word_1_281' title='bbox 303 3799 319 3850; x_wconf 80' lang='lat'>¹·</span> <span class='ocrx_word' id='word_1_282' title='bbox 353 3815 513 3878; x_wconf 83' lang='lat' dir='ltr'>audaciam,</span> <span class='ocrx_word' id='word_1_283' title='bbox 541 3821 678 3885; x_wconf 87' lang='lat' dir='ltr'>concepto</span> <span class='ocrx_word' id='word_1_284' title='bbox 703 3815 809 3884; x_wconf 89' lang='lat' dir='ltr'>spiritu</span> <span class='ocrx_word' id='word_1_285' title='bbox 833 3815 1022 3879; x_wconf 85' lang='lat' dir='ltr'>fortitudinis,</span> <span class='ocrx_word' id='word_1_286' title='bbox 1049 3814 1173 3871; x_wconf 91' lang='lat' dir='ltr'>Domino</span> <span class='ocrx_word' id='word_1_287' title='bbox 1192 3816 1268 3887; x_wconf 83' lang='lat' dir='ltr'>Regi</span> <span class='ocrx_word' id='word_1_288' title='bbox 1286 3835 1405 3872; x_wconf 86' lang='lat' dir='ltr'>assensu</span> 
     </span>
     <span class='ocr_line' id='line_1_33' title="bbox 352 3898 1406 3972; baseline -0.002 -17"><span class='ocrx_word' id='word_1_289' title='bbox 352 3901 498 3955; x_wconf 88' lang='lat' dir='ltr'>communi</span> <span class='ocrx_word' id='word_1_290' title='bbox 526 3898 746 3960; x_wconf 81' lang='lat' dir='ltr'>denunciabant,</span> <span class='ocrx_word' id='word_1_291' title='bbox 772 3904 806 3952; x_wconf 90' lang='lat' dir='ltr'>ut</span> <span class='ocrx_word' id='word_1_292' title='bbox 827 3898 873 3953; x_wconf 84' lang='lat' dir='ltr'>vel</span> <span class='ocrx_word' id='word_1_293' title='bbox 899 3898 1011 3954; x_wconf 90' lang='lat' dir='ltr'>dietum</span> <span class='ocrx_word' id='word_1_294' title='bbox 1038 3899 1159 3955; x_wconf 90' lang='lat' dir='ltr'>Petrum</span> <span class='ocrx_word' id='word_1_295' title='bbox 1177 3918 1266 3955; x_wconf 87' lang='lat' dir='ltr'>asna</span> <span class='ocrx_word' id='word_1_296' title='bbox 1292 3900 1406 3972; x_wconf 87' lang='lat' dir='ltr'>propel-</span> 
     </span>
     <span class='ocr_line' id='line_1_34' title="bbox 352 3982 1406 4055; baseline 0 -18"><span class='ocrx_word' id='word_1_297' title='bbox 352 3983 427 4040; x_wconf 89' lang='lat' dir='ltr'>leret</span> <span class='ocrx_word' id='word_1_298' title='bbox 449 3985 595 4047; x_wconf 78' lang='lat' dir='ltr'>comitiva,</span> <span class='ocrx_word' id='word_1_299' title='bbox 617 3982 824 4052; x_wconf 81' lang='lat' dir='ltr'>Articnlosqne</span> <span class='ocrx_word' id='word_1_300' title='bbox 848 3983 981 4054; x_wconf 80' lang='lat' dir='ltr'>provisos</span> <span class='ocrx_word' id='word_1_301' title='bbox 1006 3983 1121 4039; x_wconf 80' lang='lat' dir='ltr'>effectui</span> <span class='ocrx_word' id='word_1_302' title='bbox 1145 3985 1333 4055; x_wconf 87' lang='lat' dir='ltr'>manciparet,</span> <span class='ocrx_word' id='word_1_303' title='bbox 1359 3984 1406 4039; x_wconf 85' lang='lat' dir='ltr'>vel</span> 
     </span>
     <span class='ocr_line' id='line_1_35' title="bbox 352 4067 1404 4139; baseline -0.001 -17"><span class='ocrx_word' id='word_1_304' title='bbox 352 4068 408 4139; x_wconf 87' lang='lat' dir='ltr'>ipsi</span> <span class='ocrx_word' id='word_1_305' title='bbox 435 4076 512 4123; x_wconf 89' lang='lat' dir='ltr'>certe</span> <span class='ocrx_word' id='word_1_306' title='bbox 537 4068 567 4123; x_wconf 91' lang='lat' dir='ltr'>in</span> <span class='ocrx_word' id='word_1_307' title='bbox 586 4087 663 4130; x_wconf 92' lang='lat' dir='ltr'>eum,</span> <span class='ocrx_word' id='word_1_308' title='bbox 689 4074 826 4136; x_wconf 87' lang='lat' dir='ltr'>tanquam</span> <span class='ocrx_word' id='word_1_309' title='bbox 845 4067 1005 4138; x_wconf 88' lang='lat' dir='ltr'>perjurum,</span> <span class='ocrx_word' id='word_1_310' title='bbox 1032 4067 1217 4137; x_wconf 85' lang='lat' dir='ltr'>insurgerent</span> <span class='ocrx_word' id='word_1_311' title='bbox 1240 4068 1303 4139; x_wconf 87' lang='lat' dir='ltr'>pari</span> <span class='ocrx_word' id='word_1_312' title='bbox 1328 4074 1404 4122; x_wconf 87' lang='lat' dir='ltr'>voto.</span> 
     </span>
    </p>

    <p class='ocr_par' dir='ltr' id='par_1_19' title="bbox 302 4149 1405 4227">
     <span class='ocr_line' id='line_1_36' title="bbox 302 4149 1405 4227; baseline -0.002 -21"><span class='ocrx_word' id='word_1_313' title='bbox 302 4217 305 4227; x_wconf 59' lang='lat'>,</span> <span class='ocrx_word' id='word_1_314' title='bbox 353 4151 452 4206; x_wconf 92' lang='lat' dir='ltr'>Durus</span> <span class='ocrx_word' id='word_1_315' title='bbox 477 4152 631 4206; x_wconf 63' lang='lat' dir='ltr'>uidebatur</span> <span class='ocrx_word' id='word_1_316' title='bbox 657 4151 704 4205; x_wconf 91' lang='lat' dir='ltr'>hie</span> <span class='ocrx_word' id='word_1_317' title='bbox 730 4167 825 4204; x_wconf 87' lang='lat' dir='ltr'>sermo</span> <span class='ocrx_word' id='word_1_318' title='bbox 856 4149 942 4219; x_wconf 87' lang='lat' dir='ltr'>Regi,</span> <span class='ocrx_word' id='word_1_319' title='bbox 975 4150 1045 4220; x_wconf 88' lang='lat' dir='ltr'>quia</span> <span class='ocrx_word' id='word_1_320' title='bbox 1073 4150 1162 4206; x_wconf 88' lang='lat' dir='ltr'>Petro</span> <span class='ocrx_word' id='word_1_321' title='bbox 1191 4168 1289 4205; x_wconf 84' lang='lat' dir='ltr'>curere</span> <span class='ocrx_word' id='word_1_322' title='bbox 1313 4151 1405 4205; x_wconf 90' lang='lat' dir='ltr'>nesci-</span> 
     </span>
    </p>

    <p class='ocr_par' dir='ltr' id='par_1_20' title="bbox 303 4234 1405 4306">
     <span class='ocr_line' id='line_1_37' title="bbox 303 4234 1405 4306; baseline -0.001 -17"><span class='ocrx_word' id='word_1_323' title='bbox 303 4236 412 4299; x_wconf 66' lang='lat' dir='ltr'>·lzvit;</span> <span class='ocrx_word' id='word_1_324' title='bbox 444 4236 495 4290; x_wconf 85' lang='lat' dir='ltr'>sed</span> <span class='ocrx_word' id='word_1_325' title='bbox 522 4237 618 4306; x_wconf 89' lang='lat' dir='ltr'>magis</span> <span class='ocrx_word' id='word_1_326' title='bbox 646 4235 800 4290; x_wconf 82' lang='lat' dir='ltr'>videbatur</span> <span class='ocrx_word' id='word_1_327' title='bbox 829 4234 982 4289; x_wconf 86' lang='lat' dir='ltr'>imminere</span> <span class='ocrx_word' id='word_1_328' title='bbox 1009 4235 1180 4306; x_wconf 86' lang='lat' dir='ltr'>periculum,</span> <span class='ocrx_word' id='word_1_329' title='bbox 1208 4235 1234 4288; x_wconf 89' lang='lat' dir='ltr'>si</span> <span class='ocrx_word' id='word_1_330' title='bbox 1261 4252 1317 4288; x_wconf 91' lang='lat' dir='ltr'>non</span> <span class='ocrx_word' id='word_1_331' title='bbox 1344 4234 1405 4288; x_wconf 85' lang='lat' dir='ltr'>suis</span> 
     </span>
    </p>

    <p class='ocr_par' dir='ltr' id='par_1_21' title="bbox 303 4318 1405 4390">
     <span class='ocr_line' id='line_1_38' title="bbox 303 4318 1405 4390; baseline -0.001 -18"><span class='ocrx_word' id='word_1_332' title='bbox 303 4349 322 4389; x_wconf 58' lang='lat' dir='ltr'>s,</span> <span class='ocrx_word' id='word_1_333' title='bbox 353 4318 566 4390; x_wconf 85' lang='lat' dir='ltr'>obtemperaret</span> <span class='ocrx_word' id='word_1_334' title='bbox 592 4319 756 4373; x_wconf 74' lang='lat' dir='ltr'>Beronibus</span> <span class='ocrx_word' id='word_1_335' title='bbox 782 4319 813 4372; x_wconf 91' lang='lat' dir='ltr'>in</span> <span class='ocrx_word' id='word_1_336' title='bbox 839 4319 893 4372; x_wconf 86' lang='lat' dir='ltr'>hec</span> <span class='ocrx_word' id='word_1_337' title='bbox 920 4326 1011 4390; x_wconf 86' lang='lat' dir='ltr'>parte.</span> <span class='ocrx_word' id='word_1_338' title='bbox 1060 4318 1265 4374; x_wconf 74' lang='lat' dir='ltr'>consideravit</span> <span class='ocrx_word' id='word_1_339' title='bbox 1300 4335 1405 4389; x_wconf 89' lang='lat' dir='ltr'>nempe</span> 
     </span>
    </p>
   </div>
   <div class='ocr_carea' id='block_1_3' title="bbox 302 4400 1405 4558">
    <p class='ocr_par' dir='ltr' id='par_1_22' title="bbox 302 4400 1405 4558">
     <span class='ocr_line' id='line_1_39' title="bbox 302 4400 1403 4481; baseline -0.001 -23"><span class='ocrx_word' id='word_1_340' title='bbox 302 4440 312 4481; x_wconf 54' lang='lat' dir='ltr'>p</span> <span class='ocrx_word' id='word_1_341' title='bbox 354 4420 436 4457; x_wconf 82' lang='lat' dir='ltr'>auam</span> <span class='ocrx_word' id='word_1_342' title='bbox 466 4403 624 4457; x_wconf 88' lang='lat' dir='ltr'>notabilem</span> <span class='ocrx_word' id='word_1_343' title='bbox 652 4408 862 4474; x_wconf 85' lang='lat' dir='ltr'>paupertatem,</span> <span class='ocrx_word' id='word_1_344' title='bbox 895 4409 925 4457; x_wconf 89' lang='lat' dir='ltr'>et</span> <span class='ocrx_word' id='word_1_345' title='bbox 959 4420 1079 4456; x_wconf 91' lang='lat' dir='ltr'>suorum</span> <span class='ocrx_word' id='word_1_346' title='bbox 1117 4402 1246 4456; x_wconf 88' lang='lat' dir='ltr'>abundas</span> <span class='ocrx_word' id='word_1_347' title='bbox 1276 4400 1403 4467; x_wconf 64' lang='lat' dir='ltr'>diuitias,</span> 
     </span>
     <span class='ocr_line' id='line_1_40' title="bbox 303 4485 1405 4558; baseline -0.001 -17"><span class='ocrx_word' id='word_1_348' title='bbox 303 4490 341 4535; x_wconf 68' lang='lat' dir='ltr'>ln</span> <span class='ocrx_word' id='word_1_349' title='bbox 353 4504 435 4541; x_wconf 88' lang='lat' dir='ltr'>suam</span> <span class='ocrx_word' id='word_1_350' title='bbox 454 4486 663 4558; x_wconf 90' lang='lat' dir='ltr'>impotentiam,</span> <span class='ocrx_word' id='word_1_351' title='bbox 684 4493 831 4542; x_wconf 88' lang='lat' dir='ltr'>eteorum</span> <span class='ocrx_word' id='word_1_352' title='bbox 856 4486 951 4551; x_wconf 86' lang='lat' dir='ltr'>vires;</span> <span class='ocrx_word' id='word_1_353' title='bbox 977 4485 1133 4541; x_wconf 85' lang='lat' dir='ltr'>etidcirco</span> <span class='ocrx_word' id='word_1_354' title='bbox 1152 4485 1188 4540; x_wconf 86' lang='lat' dir='ltr'>ad</span> <span class='ocrx_word' id='word_1_355' title='bbox 1207 4492 1321 4556; x_wconf 85' lang='lat' dir='ltr'>tempus</span> <span class='ocrx_word' id='word_1_356' title='bbox 1340 4502 1405 4540; x_wconf 89' lang='lat' dir='ltr'>oen-</span> 
     </span>
    </p>
   </div>
   <div class='ocr_carea' id='block_1_4' title="bbox 355 4778 1405 5092">
    <p class='ocr_par' dir='ltr' id='par_1_23' title="bbox 386 4778 1360 4846">
     <span class='ocr_line' id='line_1_41' title="bbox 386 4778 1360 4846; baseline 0.002 -16"><span class='ocrx_word' id='word_1_357' title='bbox 386 4783 392 4812; x_wconf 86' lang='lat'><strong>¹</strong></span> <span class='ocrx_word' id='word_1_358' title='bbox 408 4789 454 4831; x_wconf 77' lang='lat' dir='ltr'>rote</span> <span class='ocrx_word' id='word_1_359' title='bbox 466 4781 492 4829; x_wconf 91' lang='lat' dir='ltr'>in</span> <span class='ocrx_word' id='word_1_360' title='bbox 501 4780 544 4831; x_wconf 82' lang='lat' dir='ltr'>the</span> <span class='ocrx_word' id='word_1_361' title='bbox 553 4779 653 4844; x_wconf 78' lang='lat' dir='ltr'>printed</span> <span class='ocrx_word' id='word_1_362' title='bbox 664 4787 737 4830; x_wconf 80' lang='lat' dir='ltr'>texts.</span> <span class='ocrx_word' id='word_1_363' title='bbox 940 4782 948 4808; x_wconf 66' lang='lat' dir='ltr'>t</span> <span class='ocrx_word' id='word_1_364' title='bbox 961 4778 1073 4829; x_wconf 83' lang='lat' dir='ltr'>Omitted</span> <span class='ocrx_word' id='word_1_365' title='bbox 1085 4778 1111 4827; x_wconf 88' lang='lat' dir='ltr'>in</span> <span class='ocrx_word' id='word_1_366' title='bbox 1122 4779 1166 4830; x_wconf 86' lang='lat' dir='ltr'>the</span> <span class='ocrx_word' id='word_1_367' title='bbox 1176 4779 1274 4846; x_wconf 84' lang='lat' dir='ltr'>printed</span> <span class='ocrx_word' id='word_1_368' title='bbox 1286 4788 1360 4832; x_wconf 71' lang='lat' dir='ltr'>text«.</span> 
     </span>
    </p>

    <p class='ocr_par' dir='ltr' id='par_1_24' title="bbox 385 4857 1322 4924">
     <span class='ocr_line' id='line_1_42' title="bbox 385 4857 1322 4924; baseline 0.002 -15"><span class='ocrx_word' id='word_1_369' title='bbox 385 4864 396 4891; x_wconf 78' lang='lat'><strong>²</strong></span> <span class='ocrx_word' id='word_1_370' title='bbox 400 4862 466 4924; x_wconf 79' lang='lat' dir='ltr'>jecit</span> <span class='ocrx_word' id='word_1_371' title='bbox 478 4859 503 4907; x_wconf 93' lang='lat' dir='ltr'>in</span> <span class='ocrx_word' id='word_1_372' title='bbox 517 4859 560 4908; x_wconf 87' lang='lat' dir='ltr'>tbe</span> <span class='ocrx_word' id='word_1_373' title='bbox 570 4858 671 4923; x_wconf 84' lang='lat' dir='ltr'>printed</span> <span class='ocrx_word' id='word_1_374' title='bbox 683 4866 758 4909; x_wconf 79' lang='lat' dir='ltr'>texts.</span> <span class='ocrx_word' id='word_1_375' title='bbox 938 4858 1036 4906; x_wconf 56' lang='grc' dir='ltr'>ὃοηυιία</span> <span class='ocrx_word' id='word_1_376' title='bbox 1049 4857 1075 4908; x_wconf 89' lang='lat' dir='ltr'>in</span> <span class='ocrx_word' id='word_1_377' title='bbox 1086 4857 1128 4908; x_wconf 85' lang='lat' dir='ltr'>the</span> <span class='ocrx_word' id='word_1_378' title='bbox 1139 4859 1238 4924; x_wconf 84' lang='lat' dir='ltr'>printed</span> <span class='ocrx_word' id='word_1_379' title='bbox 1248 4868 1322 4911; x_wconf 79' lang='lat' dir='ltr'>texts.</span> 
     </span>
    </p>

    <p class='ocr_par' dir='ltr' id='par_1_25' title="bbox 355 4936 1405 5092">
     <span class='ocr_line' id='line_1_43' title="bbox 386 4936 1405 5003; baseline 0.003 -14"><span class='ocrx_word' id='word_1_380' title='bbox 386 4940 459 4989; x_wconf 76' lang='lat' dir='ltr'>’The</span> <span class='ocrx_word' id='word_1_381' title='bbox 471 4937 632 5002; x_wconf 80' lang='lat' dir='ltr'>languageol</span> <span class='ocrx_word' id='word_1_382' title='bbox 639 4938 787 4989; x_wconf 78' lang='lat' dir='ltr'>Trolelowe</span> <span class='ocrx_word' id='word_1_383' title='bbox 799 4936 858 4988; x_wconf 84' lang='lat' dir='ltr'>here</span> <span class='ocrx_word' id='word_1_384' title='bbox 937 4936 1014 4986; x_wconf 79' lang='lat' dir='ltr'>‘The</span> <span class='ocrx_word' id='word_1_385' title='bbox 1032 4936 1158 5003; x_wconf 80' lang='lat' dir='ltr'>language</span> <span class='ocrx_word' id='word_1_386' title='bbox 1176 4939 1207 4990; x_wconf 72' lang='grc' dir='ltr'>οἰ</span> <span class='ocrx_word' id='word_1_387' title='bbox 1219 4940 1367 4991; x_wconf 70' lang='grc' dir='ltr'><strong>ΤτοΙωΙοπε</strong></span> <span class='ocrx_word' id='word_1_388' title='bbox 1383 4940 1405 4992; x_wconf 81' lang='lat' dir='ltr'>ia</span> 
     </span>
     <span class='ocr_line' id='line_1_44' title="bbox 355 4952 1040 5092; baseline 0.003 -20"><span class='ocrx_word' id='word_1_389' title='bbox 355 5024 377 5075; x_wconf 81' lang='lat' dir='ltr'>is</span> <span class='ocrx_word' id='word_1_390' title='bbox 387 5021 562 5084; x_wconf 71' lang='lat' dir='ltr'>considerably</span> <span class='ocrx_word' id='word_1_391' title='bbox 574 5017 668 5067; x_wconf 74' lang='lat' dir='ltr'>varied</span> <span class='ocrx_word' id='word_1_392' title='bbox 880 4952 884 5082; x_wconf 78' lang='grc' dir='ltr'>Ι</span> <span class='ocrx_word' id='word_1_393' title='bbox 904 5023 1040 5092; x_wconf 70' lang='lat' dir='ltr'>amplifled.</span> 
     </span>
    </p>
   </div>
   <div class='ocr_carea' id='block_1_5' title="bbox 0 0 1881 6244">
    <p class='ocr_par' dir='ltr' id='par_1_26' title="bbox 0 0 1881 6244">
     <span class='ocr_line' id='line_1_45' title="bbox 0 0 1881 6244; baseline 0 0"><span class='ocrx_word' id='word_1_394' title='bbox 0 0 1881 6244; x_wconf 95' lang='lat' dir='ltr'> </span> 
     </span>
    </p>
   </div>
  </div>
 </body>
</html>
