3750 6250
668 1109 1054 1159 srsreansuenesss.
1321 1096 1386 1162 213

274 1293 312 1342 ul·
341 1296 359 1317 '⁴
380 1292 528 1348 vasionem
555 1294 640 1365 regui
668 1294 798 1349 Franeioe
823 1313 865 1359 sc,
891 1302 926 1351 ut
943 1296 1069 1351 hahebat
1086 1313 1187 1350 rumor
1204 1296 1339 1367 publicus
1358 1294 1467 1351 etit-D.
1481 1300 1552 1347 13³⁹-

340 1379 359 1401 “
379 1377 519 1442 noterius,
539 1377 737 1449 disponebant,
757 1379 834 1433 sicut
858 1379 889 1433 in
912 1380 1097 1435 concessione
1115 1380 1295 1435 decimarum
1313 1379 1388 1451 ipsa·

274 1425 305 1489 Φ·
340 1461 359 1484 “
378 1478 445 1515 rum
463 1462 628 1518 continetur
645 1480 789 1533 expresse.
826 1462 894 1517 Non
912 1463 969 1518 luit
986 1481 1090 1534 nempe
1102 1469 1208 1518 nostres
1219 1463 1388 1519 intentionis

340 1546 359 1568 ⁴⁴
379 1542 520 1600 adversus
539 1553 568 1600 te
588 1548 747 1601 fomentum
765 1546 932 1601 ministrare
950 1546 1113 1610 discordiae,
1133 1546 1180 1600 vel
1200 1551 1280 1601 ¹cem
1299 1546 1387 1602 alicu·

340 1631 359 1653 ‘⁸
376 1627 426 1696 jus
465 1629 589 1684 subsidii
628 1629 878 1685 administratione
915 1630 1037 1695 fulcire3
1076 1629 1238 1700 quinimmo
1277 1637 1385 1686 statum

339 1714 358 1735 ‘¹
378 1711 462 1782 regni
481 1713 535 1775 tui,
556 1720 586 1767 et
605 1713 692 1768 etiam
717 1713 802 1782 regni
821 1713 960 1776 Francius,
982 1714 1061 1783 pacis
1079 1720 1110 1768 ct
1127 1713 1287 1768 concordiae
1305 1732 1385 1784 pros·

339 1803 357 1819 ⁵·
378 1794 501 1865 peritate
520 1802 550 1849 et
567 1795 758 1850 unanimitate
784 1796 874 1866 potiri
893 1797 1015 1851 summis
1034 1796 1187 1851 desideriis
1206 1796 1383 1862 affectantes,

338 1881 357 1903 ‘⁶
378 1876 415 1931 ad
441 1878 504 1942 hec,
525 1879 675 1933 serenitati
694 1886 752 1934 tuas
771 1885 801 1933 ot
819 1879 896 1934 dicte
915 1879 993 1950 Regi
1017 1879 1148 1934 Francia
1166 1896 1218 1950 per
1236 1897 1288 1933 nos
1307 1898 1384 1951 saepe

338 1965 356 1986 ‘⁸
377 1959 496 2016 directis
520 1962 636 2024 litteris,
659 1968 690 2017 et
708 1963 797 2017 etiam
818 1963 941 2027 nunciis,
964 1962 1102 2018 videlieet
1121 1963 1234 2017 Sancta>
1246 1962 1384 2017 &manas

338 2051 357 2069 ¹·
378 2044 516 2099 Ecclesia
535 2045 750 2109 Gardinalibus,
764 2046 802 2100 ad
819 2052 917 2117 partos
929 2046 996 2101 illas
1010 2046 1046 2101 de
1058 2046 1150 2101 latere
1162 2053 1262 2101 nostro
1274 2047 1381 2110 missis

338 2131 356 2153 '⁶
377 2127 452 2183 votis
476 2130 644 2183 ardentibus
667 2129 842 2193 laboramus,
868 2136 898 2184 et
921 2130 1053 2184 laborare
1077 2147 1135 2184 non
1152 2147 1309 2193 cessamus,
1329 2148 1383 2185 nce

337 2219 356 2236 ‘⁶
376 2212 565 2275 cessabimus,
579 2221 612 2268 ut
625 2214 701 2268 inter
713 2219 742 2268 te
756 2220 786 2268 et
798 2214 910 2283 Regem
923 2213 1057 2277 eundem,
1072 2222 1102 2269 et
1115 2214 1269 2284 utriusque
1280 2231 1381 2284 regna,

335 2303 354 2319 ··
375 2294 454 2364 pacis
467 2303 497 2350 ct
508 2296 628 2351 unitatis
641 2297 782 2351 serenitas
794 2296 954 2351 illucescat.
992 2297 1037 2351 Tu
1048 2304 1155 2360 tamen,
1166 2297 1209 2351 fili
1221 2297 1381 2360 carissime,

334 2387 352 2402 ¹·
373 2375 439 2440 fide,
460 2384 494 2433 ut
511 2378 637 2442 videtur,
657 2380 788 2435 adhibita
811 2379 959 2451 praedictis
984 2380 1066 2434 salsis
1090 2380 1329 2451 suggestionibus
1354 2387 1383 2434 et

334 2465 352 2485 ‘⁸
373 2461 530 2526 mendosis,
563 2471 591 2517 te
621 2470 753 2517 nestrum
784 2471 814 2517 et
844 2463 974 2534 ejusdem
997 2463 1135 2517 Romnum
1155 2463 1295 2518 Ecclesiae
1319 2480 1382 2534 per·

333 2551 351 2569 ⁸·
373 2551 535 2600 secutorem
557 2553 587 2600 et
607 2547 729 2609 hostem,
750 2546 887 2601 invadere
906 2565 939 2601 ec
959 2564 1100 2618 occupare
1121 2546 1244 2602 honores
1266 2553 1296 2601 et
1315 2547 1384 2618 jure

333 2634 352 2653 ⁶·
373 2636 480 2693 nostra,
504 2637 534 2685 ct
554 2631 687 2700 ejusdcm
711 2631 860 2692 Ecclesiae,
884 2630 921 2684 ad
943 2648 1015 2700 ques
1034 2632 1168 2701 regimen
1192 2637 1222 2685 et
1247 2630 1384 2685 adminis-

333 2717 351 2737 ·‘
373 2713 461 2768 tratio
486 2713 607 2784 Imperii
638 2714 843 2776 Romanorum,
870 2730 903 2767 co
927 2720 1057 2777 vacante,
1084 2715 1160 2768 sieut
1183 2732 1259 2767 nuuc
1280 2731 1383 2768 vacare

332 2800 351 2821 ‘¹
373 2797 511 2858 nescium,
535 2797 681 2868 pertinent
701 2797 786 2867 pleno
804 2797 881 2867 jnrc,
904 2797 1026 2859 moliris,
1048 2797 1227 2851 molestando
1247 2798 1382 2868 praelatos

333 2889 352 2905 ¹·
373 2886 404 2933 ct
426 2897 564 2949 personas
588 2880 800 2935 ecclesiasticas
824 2881 854 2933 in
878 2887 979 2934 nostra
1001 2891 1031 2934 et
1055 2881 1148 2951 ipsius
1169 2880 1308 2935 Ecclesiae
1332 2881 1381 2935 de·

333 2969 352 2988 ⁸·
374 2963 488 3018 votione
512 2981 546 3019 ae
570 2963 709 3018 fidelitate
734 2964 850 3027 debitis,
876 2970 910 3018 ut
938 2962 1136 3034 praemittitur,
1163 2961 1380 3034 ‘²persistentes,

333 3045 510 3116 “ipsosque
541 3046 578 3101 ad
609 3047 803 3102 obedientiam
831 3047 903 3101 dicti
930 3045 1082 3110 Ludeviei,
1114 3045 1150 3099 de
1181 3046 1315 3109 diversis,
1349 3054 1382 3102 ut

333 3134 352 3156 ‘¹
374 3132 571 3201 praemittitur,
591 3132 751 3187 haeresibus
771 3138 800 3187 ct
827 3131 1041 3194 schismatibus,
1063 3130 1187 3200 aliisque
1199 3130 1380 3194 criminibus,

333 3215 585 3270 “sententialiter
604 3216 796 3279 condemnati,
820 3233 853 3269 ae
872 3215 940 3287 jure
961 3215 1045 3286 regio
1066 3221 1096 3268 ct
1111 3213 1238 3284 imperii,
1258 3213 1284 3267 si
1304 3212 1382 3284 qnod

333 3302 352 3323 ‘⁸
373 3298 471 3352 forsan
483 3299 520 3353 ad
532 3317 599 3353 eum
612 3300 810 3370 competierat,
824 3298 871 3353 vel
884 3299 973 3354 etiam
985 3297 1174 3369 competebat,
1190 3297 1271 3367 juste
1283 3295 1340 3351 Dei
1352 3303 1382 3352 et

334 3385 353 3406 ‘⁶
374 3381 514 3436 Ecclesiae
531 3383 644 3452 judicio
661 3383 778 3453 privati,
792 3401 826 3437 ac
846 3383 1062 3454 praestationem
1074 3381 1162 3452 hujus
1174 3380 1381 3451 recognitionis

334 3468 353 3489 “
374 3472 405 3519 et
423 3463 552 3535 homa-gii
572 3465 637 3529 sibi,
657 3465 705 3520 rel
725 3466 779 3520 tibi
800 3466 864 3536 ejus
891 3466 1017 3530 nominc,
1043 3465 1213 3527 faciendam,
1236 3464 1381 3519 attrahere

335 3558 354 3573 ··
375 3554 405 3602 ct
423 3547 571 3611 inducere,
587 3551 725 3605 coactivis
738 3550 965 3620 impulsionibus
979 3557 1009 3605 ct
1021 3548 1293 3604 commonitionibus
1306 3555 1381 3603 sate·

335 3638 353 3655 ¹·
375 3631 477 3697 gendo.
517 3631 645 3696 Utinam,
667 3633 718 3689 tili.
747 3640 903 3703 antequam
934 3633 970 3687 de
997 3632 1055 3687 hiis
1074 3640 1134 3686 tam
1152 3631 1325 3703 periculosis
1352 3637 1383 3687 et

334 3712 551 3768 “detestandis
581 3718 628 3769 ³tc
658 3715 789 3769 involvas
830 3715 967 3786 amplius,
1004 3721 1115 3770 attente
1143 3715 1320 3779 consideres,
1352 3723 1382 3769 ct

334 3801 354 3822 ⁴⁶
375 3804 489 3852 matura
507 3797 714 3853 deliberatione
732 3799 843 3869 praetia
861 3800 1022 3854 constituas
1052 3805 1118 3853 ante
1147 3798 1247 3853 oeulos
1276 3798 1383 3854 mentis

335 3884 355 3905 ‘⁶
376 3879 457 3934 ⁴tute
485 3882 627 3935 circuitus
654 3882 833 3952 periculosos
854 3889 884 3938 ct
904 3881 1029 3937 nodosos
1055 3881 1185 3953 laqueos,
1209 3882 1315 3957 quibus
1341 3888 1380 3946 tc,

335 3968 352 3987 ‘⁵
374 3963 531 4018 subtilibus
552 3965 678 4032 ingeniis
699 3972 729 4019 ct
750 3965 901 4020 fraudibus
929 3965 1093 4036 exquisitis,
1122 3966 1224 4035 aliqui,
1256 3964 1292 4019 de
1320 3965 1382 4019 suis

334 4054 353 4071 ¹·
374 4046 470 4116 lartius
491 4066 578 4117 quam
600 4047 636 4101 de
662 4049 721 4102 tuis
752 4049 869 4104 solliciti
897 4049 1023 4119 negotiis
1052 4056 1082 4105 et
1109 4048 1278 4112 commodis,
1309 4067 1381 4118 prte-

334 4140 354 4155 ··
375 4129 473 4185 missis
502 4131 659 4195 involvere,
691 4132 801 4202 tibique
831 4151 913 4195 onus,
950 4134 1027 4205 qued
1056 4152 1074 4187 e
1103 4151 1134 4187 sc
1173 4131 1382 4203 qutidammedo

335 4224 354 4238 ··
376 4213 497 4284 rejicere
526 4216 656 4286 cupiunt
687 4235 744 4270 tien
764 4217 860 4271 minus
883 4217 956 4280 love,
982 4217 1052 4272 ⁵sed
1073 4216 1231 4287 diligenter
1258 4216 1382 4269 circuiu-

336 4307 355 4323 ··
376 4298 496 4353 stantius
518 4300 679 4362 attendens,
708 4301 855 4371 imponere
884 4300 978 4355 moliti
997 4306 1074 4363 eunt,
1096 4308 1126 4354 et
1146 4319 1204 4354 nen
1223 4298 1285 4352 sine
1307 4297 1381 4367 peri·

337 4386 356 4406 '⁸
376 4381 443 4436 eulo
464 4383 508 4436 tui
538 4383 693 4453 praecipitii
721 4383 890 4439 moliuntur.
948 4384 1011 4438 Nec
1048 4391 1077 4438 te
1117 4384 1207 4437 latere
1236 4381 1380 4443 voluntem,

337 4468 356 4489 '⁴
377 4463 454 4534 quod
468 4466 607 4536 praefatus
621 4466 818 4537 predecessor
831 4466 901 4521 olim
914 4485 967 4537 per
980 4467 1124 4536 quandam
1138 4464 1381 4527 constitutionem,

336 4554 356 4573 ‘⁶
376 4547 413 4600 ab
435 4548 499 4618 ipso
517 4548 553 4602 tle
578 4550 722 4604 dictorum
753 4550 875 4604 fratrum
908 4567 1027 4603 surorum
1056 4548 1161 4602 editam
1191 4546 1322 4610 consilia
1353 4547 1384 4601 in

336 4704 480 4713 ——..-——
490 4707 537 4714 ..—.
549 4708 567 4713 -
579 4707 662 4713 .——..
683 4708 698 4713 .-
707 4708 712 4713 .
726 4704 736 4712 ι
819 4708 872 4714 .,..-
926 4705 1043 4712 ,.--..--.-
1074 4704 1205 4711 -..μ-..υ-
1215 4706 1352 4715 --.“.-,,

369 4797 375 4825 ¹
389 4812 439 4851 eus,
453 4795 523 4845 llari.
537 4801 593 4845 655.
884 4795 910 4842 in
924 4793 995 4843 Ilnrl.
1008 4798 1064 4842 055.

367 4874 452 4923 ²'l’bis
475 4877 545 4923 word
567 4875 589 4923 is
611 4875 722 4938 poculiur
744 4881 770 4923 to
793 4874 834 4924 the
918 4871 1173 4923 ³0111ittedinliarl.
1186 4877 1242 4923 655.

335 4962 403 5003 texts
421 4955 452 5003 es
466 4954 650 5018 ll'alsingham.
686 4955 831 5018 bhompnr·
859 4944 864 5005 l
920 4952 1257 5011 'nce-ecatus,ltarteee.

336 5034 438 5080 mittitur
447 5034 519 5081 (loun
530 5040 556 5082 to
563 5033 693 5081 tarmen
700 5033 722 5082 is
733 5033 836 5082 omitted
860 5010 865 5095 Ι
919 5038 928 5061 ³
941 5034 970 5085 si.
983 5033 1054 5083 llarl.
1063 5037 1119 5083 635.
