3750 6250
503 1083 565 1148 lta
827 1095 957 1146 monn
980 1091 1217 1146 nansmonau

370 1276 441 1330 Ad).
497 1281 557 1337 suit
585 1282 704 1340 illenim
736 1284 966 1340 condescendere
993 1284 1146 1340 voluntati.
1190 1283 1314 1349 Idoiroo,
1346 1283 1414 1355 plus
1443 1283 1548 1338 timore
1559 1287 1640 1351 ’Μαι

335 1349 482 1406 ¹³¹⁰⁷¹³¹¹·
496 1385 583 1438 quarn
602 1386 708 1435 amore,
727 1370 794 1442 plus
812 1371 984 1425 necessitate
1003 1387 1090 1441 quam
1107 1369 1266 1432 voluntate,
1286 1375 1412 1434 coactns,
1428 1368 1548 1424 Petrum
1559 1371 1582 1419 Ρ·
1593 1361 1614 1406 ⁹·
1638 1423 1640 1434 Ι

495 1469 619 1522 reguum
650 1454 785 1525 abjurare
815 1456 970 1527 permisit;
1005 1454 1104 1510 addita
1133 1472 1151 1509 a
1180 1454 1343 1509 Beronibus
1373 1455 1546 1518 conditione,
1559 1422 1640 1554 ff}

497 1538 575 1607 quod
594 1539 617 1593 si
636 1539 761 1595 ulterius
779 1541 810 1595 in
827 1539 946 1611 Anglis,
966 1538 1014 1593 rel
1033 1556 1206 1610 quacunque
1224 1545 1303 1594 terra
1320 1538 1413 1609 Regis
1431 1538 1547 1609 Angliae
1560 1557 1587 1605 Ε,
1598 1556 1627 1607 51

497 1622 601 1677 ditioni
626 1624 767 1695 subjecta,
795 1626 941 1697 potuisset
965 1624 1101 1688 inveniri,
1130 1624 1211 1678 illico
1238 1629 1400 1693 caperetur,
1420 1631 1452 1678 et
1468 1622 1549 1678 velut

496 1707 587 1761 hostis
606 1715 693 1763 terrm
715 1710 850 1781 publicus
875 1709 1071 1764 damnaretur.
1109 1708 1216 1778 Igitur,
1244 1707 1297 1763 sub
1321 1708 1467 1778 promissa
1484 1724 1547 1763 eon·

331 1785 459 1864 Gflyfflton
496 1789 614 1856 ditione,
642 1793 709 1848 dato
735 1793 790 1847 sibi
818 1793 968 1856 conducto,
999 1792 1116 1862 Angliar
1141 1809 1266 1862 regnum
1285 1792 1390 1861 lugens
1407 1791 1545 1846 descruit.

330 1867 456 1970 3¹²AE
497 1875 589 1946 Cujus
617 1877 742 1933 adventu
770 1879 897 1948 cognito,
926 1877 988 1932 Rex
1014 1878 1192 1932 Franeorum
1217 1876 1366 1931 mandavit
1390 1877 1476 1947 regni
1503 1877 1546 1932 aui

329 1984 370 2034 En
388 1936 467 2037 ΜΝ
496 1960 648 2024 ministris,
668 1967 702 2016 ut
719 1962 829 2016 dictum
848 1961 979 2026 Petrum,
1004 1962 1170 2032 ubicunque
1188 1967 1287 2031 posset
1309 1960 1445 2025 inveniri,
1466 1977 1546 2032 cape·

329 2000 411 2113 (Ab).
496 2049 569 2107 rent,
588 2051 619 2100 et
635 2046 870 2100 commendarent
892 2045 1026 2114 diligenti
1052 2044 1209 2107 custodiae3
1234 2061 1271 2097 nc
1289 2043 1428 2098 videlieet
1444 2044 1547 2099 iterato

331 2123 416 2185 1811)·
496 2128 605 2183 rediret
619 2130 649 2182 iu
661 2129 809 2197 Angliam,
828 2134 858 2183 et
872 2129 963 2182 filiam
981 2147 1073 2192 suam,
1089 2127 1240 2198 Reginam,
1257 2128 1399 2197 regnique
1414 2146 1546 2199 proceres

495 2213 689 2267 conturbaret.
724 2212 782 2267 Sed
797 2212 966 2267 mandatnm
978 2211 1070 2282 Regis
1082 2211 1213 2266 Francia
1230 2209 1350 2265 Petrum
1368 2229 1426 2266 non
1444 2212 1544 2285 latuit;

495 2297 682 2368 quamobrem
712 2314 837 2367 regnum
867 2296 1046 2351 Francorum
1082 2313 1148 2349 mox
1187 2296 1325 2359 deseruit,
1359 2303 1390 2350 ot
1428 2296 1547 2351 intravit

495 2380 671 2445 Flandriam,
692 2387 769 2435 tutas
799 2381 908 2436 ibidem
938 2381 1065 2436 latebras
1095 2380 1280 2450 quaesiturus.
1330 2377 1465 2451 Cumque
1494 2397 1545 2434 nec

494 2464 557 2519 illic
581 2465 651 2518 satis
677 2470 758 2518 tutus
784 2465 839 2519 sibi
869 2464 1028 2528 rideretur,
1057 2463 1249 2533 vagabundus
1272 2480 1326 2534 per
1349 2463 1408 2517 alia
1431 2464 1545 2518 diversa

494 2548 559 2601 loca
578 2548 734 2612 ferebatur,
762 2549 871 2618 ubique
897 2566 1030 2619 quaerens
1056 2548 1198 2617 requiem,
1228 2564 1315 2617 quam
1340 2565 1398 2601 non
1423 2548 1542 2603 invenit.

494 2631 622 2686 Tandem
653 2633 682 2685 in
714 2650 745 2686 se
775 2650 919 2694 reversus,
958 2634 1064 2688 iterum
1104 2632 1245 2702 cogitavit
1272 2647 1398 2701 regnum
1428 2632 1543 2702 Angliae

495 2716 632 2779 reuisere,
670 2724 809 2787 concepta
838 2715 966 2771 ¹flducia
997 2716 1032 2769 dc
1063 2716 1154 2786 Regia
1189 2716 1325 2780 amicitia,
1363 2721 1394 2788 et
1423 2714 1544 2770 Comitis

327 2794 368 2844 lle
384 2802 483 2875 returns
496 2799 670 2864 Glovernioe
700 2801 783 2871 eujus
814 2818 941 2856 sororem
961 2801 1082 2855 duxerat
1105 2802 1135 2854 in
1160 2817 1287 2854 uxorem.
1325 2800 1365 2855 Et
1388 2801 1544 2872 assumptis

328 2863 473 2979 smnfifflle
496 2902 594 2939 secum
631 2885 812 2955 alienigenis,
852 2886 995 2940 remeavit
1023 2887 1054 2939 in
1084 2885 1231 2955 Angliam,
1264 2890 1294 2939 et
1323 2883 1449 2957 2parum
1479 2891 1544 2940 anta

327 2930 414 3062 igini
494 2969 600 3024 Natale
618 2969 802 3024 Dominicum
822 2977 853 3025 sc
872 2971 963 3040 Regis
987 2970 1136 3024 obtutibus
1160 2970 1355 3041 prasentaiu‘t.
1394 2970 1465 3035 Rex,
1485 2988 1545 3042 proe
1557 2971 1606 3022 MS.
1614 2965 1640 3018 lli

495 3055 603 3125 gaudio
630 3055 770 3110 adrentus
798 3056 853 3111 siri.
879 3056 1053 3126 pinamonte,
1082 3061 1175 3126 pacta,
1212 3056 1355 3127 promissa
1380 3056 1544 3127 negligens,
1557 3037 1640 3123 lietu

494 3155 561 3193 eum
592 3141 720 3211 suscepit
751 3140 892 3203 hilariter,
924 3146 1063 3210 tanlquam
1093 3141 1211 3194 eoeleste
1240 3158 1355 3204 munus,
1388 3146 1418 3196 et
1449 3157 1546 3196 secum
1579 3119 1625 3156 '¹¹'

494 3222 620 3279 detinuit
638 3242 705 3278 cum
723 3224 835 3278 familia
853 3243 907 3278 sua
923 3230 993 3279 tota.

327 3316 458 3367 Misehiefs
530 3307 594 3362 Hoc
613 3326 696 3372 anno,
724 3313 827 3378 qua-rto
853 3307 973 3362 ³Nonas
1002 3306 1191 3378 Septembris,
1224 3324 1328 3377 parum
1353 3312 1420 3362 anto
1445 3307 1545 3362 horam
1558 3307 1640 3366 Cout'l

327 3385 464 3461 ‘fffllbt
493 3408 598 3446 nonam
616 3392 761 3462 ignitegii,
781 3392 877 3446 visum
896 3397 941 3446 est
958 3391 1059 3460 fulgur
1080 3390 1237 3454 horribile3
1264 3390 1342 3460 quod
1360 3391 1478 3447 duravit
1494 3409 1546 3462 per
1557 3390 1602 3441 vet,
1610 3395 1640 3452 ll,

327 3450 463 3514 ¹¹ssh⁸¹¹¹¹¹3·
493 3482 582 3529 totam
601 3486 715 3529 noctem
735 3484 912 3545 sequentem,
932 3494 999 3529 erim
1015 3492 1121 3544 magno
1139 3476 1249 3529 tonitru
1267 3481 1297 3528 et
1312 3475 1422 3529 crebris
1441 3476 1544 3530 ictibus
1557 3444 1640 3565 {⁸113}

493 3562 571 3614 circa
594 3562 720 3613 medium
743 3568 857 3615 noctem
879 3561 1084 3630 sequentibns;
1110 3560 1152 3612 ita
1170 3559 1247 3629 quod
1266 3576 1348 3628 sepes
1370 3567 1400 3613 et
1418 3560 1543 3622 arborea,
1557 3531 1640 3631 gij,

493 3645 522 3698 iu
541 3644 641 3697 multis
666 3645 747 3708 loeis,
772 3645 873 3697 ‘suam
897 3644 1073 3698 viriditatem
1092 3643 1207 3713 penitus
1229 3644 1397 3698 amiserunt.
1436 3643 1544 3697 Eadem

492 3729 579 3791 bora,
607 3729 730 3781 ecelesia
757 3728 793 3781 de
821 3728 985 3791 Mitliltone,
1013 3728 1044 3781 in
1070 3727 1218 3782 Comitatu
1253 3726 1406 3791 Dorsetiae,
1440 3727 1543 3782 Sarum

495 3812 648 3876 Dioecesis,
676 3830 742 3865 oum
761 3813 917 3882 campanili
944 3818 974 3867 et
999 3812 1156 3882 campanis,
1180 3811 1365 3876 ornamentis,
1393 3812 1487 3877 libris,
1517 3817 1545 3866 et

493 3896 680 3951 munimentis
701 3897 906 3950 monachorum
932 3896 1004 3950 dieti
1028 3898 1092 3961 loci,
1123 3895 1223 3949 eodem
1245 3896 1372 3966 fulgure,
1394 3896 1544 3952 Conventa

493 3982 530 4037 ad
548 3981 706 4035 Matutinus
726 3982 876 4045 existente,
897 3982 1050 4036 combusta
1067 3987 1097 4035 et
1115 3987 1285 4052 consumpta
1303 3987 1356 4035 est.

326 4076 429 4126 Violent
528 4066 628 4120 Pridie
646 4065 745 4119 Nonas
764 4064 895 4135 ejusdem
913 4066 1031 4130 mensis,
1052 4070 1132 4119 ortus
1151 4072 1197 4120 est
1213 4071 1317 4120 ventus
1335 4064 1543 4132 validissimus,

326 4144 401 4194 wind.
493 4169 551 4222 quo
569 4150 686 4205 arbores
705 4149 940 4214 innumerabiles,
967 4167 1033 4203 cum
1053 4150 1113 4203 suis
1133 4149 1284 4214 fructibus,
1304 4156 1543 4221 prosternentem

493 4243 523 4291 et
540 4234 712 4305 campanilia
739 4234 775 4287 do
800 4233 953 4288 Modelord
979 4239 1009 4288 et
1030 4233 1188 4290 Goi'eltono
1213 4234 1249 4289 ad
1274 4239 1383 4290 terram
1411 4236 1545 4292 similiter

493 4321 668 4375 ceciderunt.

324 4409 379 4457 The
528 4405 592 4459 Hoc
618 4423 701 4469 anno,
732 4402 977 4474 Arcbiepiscopus
1008 4403 1152 4457 Robertus
1183 4404 1443 4460 excommunicarit
1468 4404 1639 4460 wal-Mutia

324 4476 462 4607 {mg
494 4496 597 4552 terrun,
629 4489 853 4544 Uoi'entrensem
881 4488 1066 4560 Episcopum,
1096 4488 1165 4558 quia
1193 4488 1286 4542 noluit
1313 4490 1342 4543 in
1370 4474 1640 4590 ΡιὈνὶιιοίιιΙίἷξειῖἐ1

415 4637 425 4647 -
1557 4609 1613 4669 lleg.
1628 4606 1640 4648 ¹³

324 4676 476 4725 mrrnieated.
501 4672 530 4677 '-
550 4673 574 4677 ”
599 4673 646 4678 ”“
656 4673 1039 4680 --’““”“-“’““
1082 4676 1099 4680 “
1379 4676 1385 4680 ”
1559 4673 1625 4723 stix.

528 4786 533 4813 ¹
547 4784 609 4832 'Phia
621 4801 724 4849 appears
740 4795 766 4835 to
786 4790 816 4835 ln·
836 4788 993 4837 nde-‹luetion
1074 4791 1160 4837 fenea
1174 4789 1200 4837 in
1213 4790 1367 4840 Trokeloue.

493 4866 556 4913 from
570 4863 705 4912 tlren'ords
723 4866 805 4913 wlrielr
826 4867 951 4916 Gareatou
974 4868 994 4914 is
1074 4868 1192 4917 ³Nanaa·
1216 4870 1241 4916 in
1266 4870 1328 4932 orig.

493 4945 649 5006 represented
671 4945 701 5007 by
716 4944 865 4993 'l'rokeloire
884 4954 909 4993 lo
931 4947 994 4993 lnrre
1017 4954 1020 5051 4
1077 4949 1138 4996 'aaa
1150 4948 1177 4995 iu
1190 4947 1251 5010 orig.

494 5024 596 5079 uttererl,
606 5039 639 5070 on
647 5023 748 5084 coming
757 5033 782 5070 to
789 5023 840 5071 this
849 5024 992 5073 resolution.
