3750 6250
672 1099 837 1149 flieronis
858 1099 1064 1150 irremotus
1328 1091 1392 1153 325

281 1303 308 1355 q,
338 1283 411 1338 libet
437 1281 609 1353 deliuquens
633 1282 727 1354 possit
757 1283 857 1348 libere,
885 1302 1058 1357 quocunque
1078 1285 1177 1351 vellet,
1204 1286 1339 1353 mansne,
1365 1295 1395 1345 et
1405 1306 1473 1357 M),
1488 1311 1559 1360 1377.

338 1369 434 1422 facere
455 1384 521 1438 quae
541 1366 597 1422 sibi
618 1365 756 1438 placeret.
806 1368 870 1424 Ista
887 1373 918 1423 et
934 1368 1021 1440 plura
1038 1369 1106 1435 alia,
1125 1370 1157 1424 in
1175 1371 1393 1427 subversionem

339 1454 463 1506 ¹nostres
481 1450 558 1514 fidei,
573 1457 762 1507 asseruerunt
779 1448 843 1523 ²[et
860 1450 1091 1523 affirmaverimt]
1108 1453 1180 1509 dicti
1205 1454 1390 1522 seductorem

281 1570 317 1629 th,
337 1534 369 1589 iu
379 1534 596 1611 tantumnquod
606 1532 716 1589 domini
734 1540 765 1590 et
781 1541 933 1606 magnates
949 1541 1045 1601 terrra,
1059 1536 1203 1608 multique
1220 1537 1256 1593 de
1273 1540 1390 1611 populo,
1403 1548 1512 1613 Support

282 1644 313 1687 4.
337 1618 417 1690 ipsos
435 1618 466 1672 in
484 1617 546 1673 suis
563 1617 819 1689 praedicationibus
847 1620 1047 1684 confoverunt,
1067 1625 1098 1675 et
1121 1621 1257 1677 laverunt
1285 1624 1390 1694 prredi·
1423 1614 1517 1695 '3⁹¹¹sp

336 1701 471 1757 cantibus
492 1701 546 1756 hos
565 1718 697 1768 errores,
718 1719 752 1756 eo
770 1720 874 1774 nempe
892 1702 1045 1768 'maxima
1060 1704 1131 1775 quia
1148 1704 1278 1760 ¹tautam
1296 1713 1392 1778 potes·
1438 1682 1541 1733 ΨΜ·

336 1792 427 1841 tatem
444 1785 612 1841 tribuerunt
628 1785 713 1840 laicis
732 1786 794 1841 suis
812 1787 1033 1851 assertionibus,
1055 1787 1092 1843 ad
1110 1788 1300 1844 auferendum
1317 1797 1390 1846 tem·

336 1869 448 1941 porulia
468 1887 486 1923 a
504 1869 578 1924 viris
596 1869 803 1926 ecclesiasticis
823 1875 853 1926 et
870 1871 1027 1941 religiosis.

372 1952 448 2008 (lum
466 1958 564 2007 autem
589 1952 798 2009 conclusiones
829 1955 893 2009 istae
913 1960 944 2010 et
967 1954 1160 2011 deliramenta
1189 1957 1315 2012 fuissent
1343 1976 1538 2045 0¹·TheP0pe

334 2037 429 2093 hibita
452 2043 482 2092 et
502 2036 632 2108 perlecta
655 2055 753 2092 coram
775 2038 865 2110 Papa,
891 2039 999 2109 viginti
1023 2044 1084 2094 tres
1107 2044 1228 2095 ¹earum
1251 2047 1390 2113 tanquam
1402 2046 1473 2097 takes
1484 2063 1543 2113 cog-

334 2120 487 2176 haereticas
524 2126 554 2175 et
589 2138 678 2175 vanas
712 2122 775 2193 ipse
812 2122 969 2185 damnavit,
1013 2122 1144 2193 dirigens
1182 2124 1285 2178 Bullas
1322 2143 1389 2181 suas
1402 2113 1551 2192 ¹¹3fflef⁰f

334 2204 562 2276 Archiepiscopo
600 2203 821 2259 'Gantuariensi
867 2211 897 2260 et
933 2206 1078 2277 Episcopo
1114 2206 1320 2272 londoniensi,
1357 2180 1554 2297 utgssclffihfffs

336 2292 467 2361 ipsarum
485 2289 658 2343 auctoritate
670 2287 782 2344 dietum
801 2288 821 2343 J
822 2290 965 2344 ohannem
978 2290 1107 2345 facerent
1115 2291 1330 2361 comprehendi,
1356 2310 1390 2347 ec
1402 2261 1500 2364 ,503¹

335 2391 425 2445 supra
448 2372 535 2427 dictis
554 2371 797 2428 conclusionibus
816 2372 975 2443 diligenter
1005 2374 1175 2428 examinari.
1215 2372 1278 2443 Quo
1302 2376 1388 2441 facto,

335 2464 423 2529 atque
447 2457 548 2511 habita
578 2456 772 2511 declaratione
803 2473 891 2527 super
921 2456 997 2521 istis,
1029 2457 1100 2512 licet
1128 2458 1223 2513 ’facta
1251 2464 1282 2513 et
1304 2476 1388 2523 vana,

335 2542 431 2598 dictus
453 2540 596 2595 Dominus
615 2540 860 2612 Archiepiscopus
877 2540 934 2595 sibi
956 2547 986 2595 et
1007 2541 1140 2597 omnibus
1153 2541 1219 2596 aliis
1239 2560 1327 2613 super
1339 2542 1392 2597 illa

334 2625 466 2689 matoria,
497 2630 631 2696 presente
667 2623 749 2679 Duce
785 2624 972 2688 Leucastriae,
998 2641 1065 2679 cum
1100 2624 1225 2680 Domino
1261 2626 1390 2682 Henrico
1403 2632 1502 2685 silence
1513 2650 1557 2685 en-

334 2710 457 2782 ·Percy,
489 2709 594 2764 indixit
635 2709 793 2772 silentium,
836 2709 993 2780 prohibens
1031 2726 1068 2764 ne
1099 2709 1135 2764 de
1165 2720 1270 2765 caetero
1309 2699 1557 2779 illamj⁰¹3¹edJ¹P⁰¹¹

335 2795 487 2850 materiam
529 2793 720 2865 quovismodo
750 2798 887 2864 tangeret
917 2799 970 2848 aut
1002 2798 1152 2858 tractaret,
1179 2801 1209 2849 et
1240 2811 1276 2848 ne
1307 2795 1388 2850 illam
1401 2767 1532 2884 {Vfflff‘

334 2880 517 2950 permitteret
547 2877 620 2932 alios
644 2877 794 2932 ventilare.
833 2876 941 2946 Igitur,
970 2882 1031 2931 tam
1050 2878 1113 2948 ipse
1138 2896 1225 2948 quam
1250 2895 1388 2949 sequaces
1400 2850 1483 2949 Ayrch.

336 2963 382 3017 sui
405 2962 577 3033 aliquandiu
601 2962 754 3017 siluerunt.
794 2959 853 3016 Sed
872 2961 1001 3024 tandem,
1027 2961 1270 3031 contemplatione
1289 2961 1531 3030 Domi-bishopof

335 3064 438 3101 norum
456 3046 670 3117 temporalium,
691 3046 808 3101 easdem
829 3044 988 3115 opiniones,
1014 3050 1044 3099 et
1067 3042 1140 3098 alias
1164 3045 1257 3099 multo
1274 3046 1388 3116 pejores
1402 3032 1506 3082 camel·

336 3132 405 3196 illis,
441 3131 626 3203 postmodum
657 3132 721 3185 ausi
752 3136 821 3185 sunt
850 3146 1031 3184 reassumere
1064 3135 1095 3183 et
1125 3129 1207 3184 laicis
1238 3147 1385 3200 spargere,
1418 3113 1472 3164 ΠΨ·

333 3217 439 3286 'quam
459 3232 591 3286 sparsere
612 3215 704 3285 prius.
742 3217 760 3247 ¹⁸
769 3215 813 3269 Eo
830 3231 900 3268 vero
912 3213 969 3277 die,
984 3231 1042 3284 quo
1060 3214 1211 3284 praemissa
1229 3213 1386 3268 Londoniis
1401 3216 1457 3266 The
1464 3217 1531 3267 Lon-

336 3306 419 3354 erant
429 3304 556 3371 peracta,
570 3304 689 3370 propter
700 3298 823 3353 verbum
836 3298 983 3369 quoddam
995 3297 1169 3367 injuriosum
1188 3303 1218 3352 et
1229 3297 1356 3352 insolens
1369 3315 1387 3352 a
1400 3285 1490 3333 ‘¹⁰¹³‘

337 3383 418 3439 Duce
452 3382 628 3437 Irancastriae
659 3382 803 3453 Episcopo
834 3381 1028 3437 Londoniensi
1052 3382 1207 3452 prolatum,
1233 3381 1386 3436 confestim
1400 3349 1539 3464 {flle'hoe'

336 3467 551 3522 Londonienses
581 3465 757 3520 unanimiter
781 3466 977 3536 insurgentes,
1010 3465 1134 3536 arreptis
1159 3465 1258 3528 armis,
1290 3465 1387 3536 ipsum
1401 3423 1502 3546 agaza
1513 3483 1555 3534 the

336 3550 467 3605 occidere
497 3549 702 3621 proponebant.
747 3550 806 3605 Sed
836 3550 932 3604 dictirs
963 3549 1125 3619 Episcopus
1155 3566 1191 3603 ne
1221 3549 1276 3604 boc
1305 3548 1515 3604 fieretDukeof

336 3634 451 3689 omnino
463 3634 627 3704 probibuit;
648 3641 677 3687 et
689 3633 745 3687 nisi
758 3641 827 3688 tunc
839 3633 1002 3704 Episcopus
1015 3650 1046 3687 se
1060 3632 1077 3664 ¹¹
1087 3632 1270 3704 opposuisset
1287 3650 1387 3688 eorum
1401 3616 1544 3670 mmm·

336 3718 496 3781 conatibus,
522 3717 681 3788 hospitium
712 3717 782 3772 dicti
801 3716 902 3780 Ducis,
934 3716 971 3771 de
1002 3716 1107 3787 Savey,
1140 3734 1173 3771 eo
1204 3717 1311 3772 furoris
1342 3719 1388 3772 sui

337 3808 466 3872 tempore
499 3802 736 3864 combussissent,
762 3801 813 3871 qui
837 3801 886 3854 vix
916 3800 953 3854 ab
986 3800 1038 3854 illo
1068 3801 1216 3871 proposito
1236 3801 1388 3857 Antistitis

298 3943 304 3956 ⁸
338 3885 660 3941 interventurcfraenati
673 3892 749 3939 eunt.
787 3884 915 3939 Tandem
928 3885 966 3939 ad
983 3891 1086 3940 nutum
1104 3884 1254 3941 Pontificis
1273 3887 1389 3957 quieve-

338 3976 416 4025 runt.
453 3971 536 4025 Inter
559 3976 664 4025 caetcra
693 3986 763 4023 vero
792 3968 898 4039 probra
928 3987 993 4040 qum
1023 3968 1099 4024 Duoi
1128 3970 1276 4034 intulerat,
1308 3989 1389 4025 arma

339 4053 403 4126 ejus
421 4055 452 4109 in
470 4055 546 4110 Foro
564 4060 633 4109 sunt
649 4054 766 4124 publico
784 4059 942 4108 reversata.
980 4052 1047 4108 Dux
1068 4060 1166 4109 autem
1187 4062 1217 4111 et
1240 4055 1387 4110 Henrious

372 4323 378 4352 ¹
391 4324 468 4371 noeti
478 4322 505 4370 in
518 4322 581 4386 orig.
856 4329 859 4380 t
919 4322 936 4350 ¹¹
949 4319 1014 4369 “Hi
1024 4320 1173 4370 uoeubuutur
1189 4336 1206 4368 a
1224 4318 1294 4384 vulpe
1311 4317 1384 4370 ‘Ld-

372 4401 515 4466 ²Supplied
527 4402 592 4450 from
602 4401 645 4450 tbe
656 4401 756 4465 printed
768 4408 836 4450 texts
857 4451 859 4468 Ι
884 4406 899 4427 “
912 4397 1010 4460 ‘Iordi,'
1030 4398 1163 4448 incedentes
1179 4397 1250 4446 nudie
1272 4397 1385 4462 pedibus,

338 4482 389 4530 end
399 4481 466 4530 Bibl.
479 4481 542 4545 Reg.
555 4486 584 4529 13
597 4480 627 4528 E.
639 4479 675 4528 ix.
857 4527 860 4544 x
885 4482 899 4505 ‘⁴
913 4479 993 4527 restiti
1012 4479 1106 4542 punnie
1129 4475 1224 4536 vilibus,
1245 4476 1337 4527 reticet
1355 4478 1385 4529 de

369 4559 530 4608 'mximoin
542 4558 745 4608 Cumdeu'stext
858 4591 860 4656 ι
885 4562 899 4582 “
912 4564 1011 4614 rosseto,
1040 4563 1068 4604 ut
1091 4572 1138 4622 per
1166 4556 1240 4604 vitum
1267 4555 1385 4620 penalem

370 4640 378 4668 ⁴
391 4637 501 4688 Omitted
513 4637 540 4685 in
552 4637 595 4686 the
606 4637 706 4701 printed
717 4642 791 4685 texts.
858 4662 859 4666 =
884 4632 1012 4697 “facilius
1023 4635 1133 4682 incautos
1148 4632 1270 4683 tatami
1283 4634 1318 4684 ud
1334 4652 1385 4685 sec·

370 4717 581 4780 'eoruminorig
885 4713 1062 4764 “tumtunm''
1095 4713 1148 4762 Not
1164 4713 1191 4761 in
1209 4714 1253 4764 the
1267 4715 1384 4779 original,

370 4797 380 4825 ¹
392 4796 503 4845 Omitted
512 4795 538 4843 in
550 4795 592 4844 the
603 4794 702 4858 printed
712 4800 786 4844 texts.
885 4807 914 4840 or
933 4791 961 4840 in
973 4792 1041 4841 Bibl.
1054 4794 1117 4856 Reg.
1139 4798 1168 4841 13
1186 4793 1216 4843 E.
1237 4793 1288 4852 ix.;
1306 4796 1353 4844 but
1369 4812 1385 4845 a

373 4877 382 4902 ⁷
387 4874 452 4936 ficta
464 4873 492 4922 iu
504 4873 547 4922 the
558 4873 658 4937 printed
669 4880 742 4922 texts
885 4872 954 4935 gloss
971 4870 1080 4921 inserted
1096 4871 1163 4932 here,
1181 4871 1208 4921 in
1225 4873 1268 4923 tbe
1285 4874 1385 4939 printed

371 4952 472 5016 ’Percy
481 4952 504 5000 is
514 4960 559 5001 not
569 4950 714 5001 mentioned
725 4950 752 4999 in
764 4949 837 5000 Ceut.
886 4958 959 5001 texta

340 5029 489 5081 Murimuth.
920 5042 936 5075 ¹¹
949 5043 1234 5111 appoeausetiuorig.;
1258 5047 1385 5098 corrected

371 5109 456 5159 ’This
480 5125 584 5174 9²⁸²&
604 5110 626 5160 5⁸
648 5117 693 5160 ⁰⁰¹
714 5110 792 5158 s⁰¹¹¹¹¹¹
810 5108 837 5158 ¹¹¹
887 5123 952 5174 srom
963 5121 1198 5188 thepn'nudtexu.

340 5188 412 5240 Cout.
424 5188 575 5240 Murimuth.
