3750 6250
709 1083 873 1137 arsroura
894 1083 1102 1139 arcucius
1384 1074 1426 1139 9⁶

289 1287 357 1337 ager.
379 1269 517 1326 “missis
542 1270 772 1327 contradictum
798 1272 961 1328 Johannem
986 1278 1016 1329 et
1041 1279 1158 1346 gentem
1180 1273 1333 1330 Scotorum
1350 1273 1428 1330 vires
1441 1292 1510 1345 Ap),
1524 1294 1596 1341 1301.

288 1339 340 1392 ’Μ
379 1357 399 1381 “
419 1356 555 1427 potentiss
573 1363 680 1412 nostrie
698 1357 889 1422 extendimus,
909 1365 998 1430 prout
1014 1358 1050 1414 de
1064 1360 1134 1430 jure
1152 1359 1268 1415 ¹nostro
1286 1360 1379 1424 licuit,
1400 1366 1430 1415 et

288 1411 316 1521 ,¹³
379 1442 614 1511 “processimus
640 1448 740 1497 contra
766 1442 845 1513 ipsos
872 1450 1012 1514 tanquam
1036 1442 1135 1499 hostes
1159 1448 1275 1499 nostros
1306 1451 1336 1500 et
1364 1462 1429 1517 pro-

379 1525 536 1581 “ditores
575 1524 712 1597 Subjectc
737 1527 837 1597 itaque
857 1544 949 1598 regno
968 1527 1083 1592 Scotino,
1104 1535 1135 1583 et
1155 1528 1223 1600 jure
1241 1529 1430 1601 proprietatis
1482 1579 1487 1589 ,

288 1620 311 1659 8·
379 1612 398 1638 “
417 1617 525 1666 uostrae
551 1610 655 1666 ditioni
682 1611 811 1675 subacto,
839 1613 978 1683 praefatus
1006 1612 1164 1676 Johannes,
1192 1613 1338 1684 quondam
1368 1613 1430 1668 Rex

378 1697 398 1722 ‘⁸
419 1694 534 1759 Scotiae,
560 1696 657 1767 ipsum
683 1713 807 1766 regnum
835 1696 949 1760 Scotiae,
978 1703 1120 1767 quatenus
1151 1698 1187 1751 de
1217 1698 1294 1752 facto
1323 1700 1428 1761 tenuit,

377 1782 397 1807 ‘⁸
417 1786 528 1851 sponte,
559 1797 641 1851 pure,
674 1786 704 1835 et
739 1780 871 1835 absolute
907 1780 1037 1836 reddidit
1065 1782 1096 1836 in
1133 1798 1253 1837 menum
1287 1788 1428 1846 nostram,

377 1867 396 1891 ‘⁶
416 1864 593 1938 proditiones
612 1869 642 1919 et
660 1864 771 1920 scelere
795 1871 956 1921 memorate
981 1882 1079 1921 coram
1102 1866 1187 1920 nobis
1212 1873 1243 1921 et
1260 1865 1429 1938 proceribus

377 1951 396 1977 “
416 1950 532 2012 nostris,
552 1948 670 2021 publice
688 1966 908 2020 recognoscens.
947 1949 1011 2019 Quo
1026 1956 1153 2022 peracto,
1167 1950 1282 2022 praefuti
1302 1949 1430 2007 Comites

378 2035 397 2062 “
416 2038 447 2088 et
464 2032 602 2098 Berones,
622 2033 734 2089 nobiles
752 2041 783 2089 et
800 2034 1022 2091 communitates
1040 2036 1125 2106 regui
1151 2033 1267 2100 Scotiae,
1295 2052 1367 2105 quos
1393 2035 1431 2091 sd

378 2120 397 2147 ‘⁴
416 2135 517 2190 paoem
541 2124 671 2172 nostram
695 2119 809 2190 regiam
839 2120 1030 2189 suscepimus,
1057 2125 1268 2191 consequenter
1294 2119 1432 2191 homagia

378 2205 398 2231 “
417 2209 448 2258 et
465 2201 619 2257 fidelitates
638 2202 732 2267 nobis,
752 2209 892 2276 tanquam
917 2203 1086 2259 immediato
1111 2204 1227 2259 domino
1253 2221 1287 2259 ao
1312 2204 1431 2276 proprio

377 2290 397 2316 “
415 2286 547 2357 ejusdem
571 2287 658 2358 regni
686 2286 802 2352 Scotiae,
830 2287 914 2343 nobis
942 2288 1077 2344 fecerunt
1101 2295 1132 2344 et
1157 2289 1368 2361 prestiterunt,
1396 2305 1431 2343 ao

379 2374 397 2399 ‘⁶
417 2371 505 2427 etism
523 2370 646 2426 redditis
664 2370 747 2426 nobis
766 2371 897 2442 ejusdem
915 2373 1000 2443 regni
1019 2372 1197 2437 civitatibus,
1211 2372 1301 2439 villis,
1315 2373 1429 2437 cestr-is,

379 2458 398 2484 ‘⁶
417 2455 639 2519 munitionibus,
659 2473 693 2510 ao
718 2455 832 2511 ceteris
857 2456 930 2511 locis
956 2457 1090 2512 omnibus
1116 2457 1154 2512 ed
1177 2457 1289 2513 dictum
1305 2474 1431 2529 regnum

379 2542 398 2569 ‘⁴
418 2538 625 2612 spectantibus,
645 2540 782 2596 officiales
800 2545 915 2597 nostros
935 2546 964 2596 et
982 2542 1131 2598 ministros
1150 2542 1187 2597 ad
1204 2543 1337 2613 regimen
1354 2542 1431 2613 ejus·

381 2627 401 2653 “
421 2624 487 2679 dem
512 2625 597 2695 regni
625 2624 730 2680 Scotiur
755 2626 942 2697 praefecimus
963 2626 1032 2696 jure
1057 2632 1166 2683 nostro.
1205 2625 1339 2698 Cumque
1361 2626 1431 2698 jure

381 2712 400 2737 “
424 2708 503 2780 pleni
521 2708 642 2763 dominii
660 2710 690 2763 in
716 2711 899 2781 possessione
924 2710 1057 2780 ejusdem
1081 2712 1167 2783 regni
1193 2712 1318 2767 existere
1335 2711 1432 2766 dinos-

379 2798 398 2821 ‘⁴
417 2810 528 2858 camur,
548 2811 605 2848 non
622 2811 787 2866 possumus,
805 2812 859 2849 nec
884 2795 1032 2859 debemus,
1053 2797 1125 2867 quin
1150 2797 1335 2852 insolentium
1362 2797 1429 2851 sub·

380 2882 399 2906 “
419 2878 549 2933 ditornm
567 2885 734 2934 nostrorum
746 2879 910 2943 rebellium,
931 2880 958 2934 si
979 2898 1050 2950 qnos
1071 2881 1278 2944 invenerimus,
1298 2881 1431 2952 praeemi·

380 2966 399 2990 “
418 2963 518 3017 nentia
534 2964 626 3032 regis,
646 2970 734 3034 prout
758 2964 893 3035 expedire
918 2963 1088 3028 viderimus,
1109 2965 1311 3034 reprimemus.
1356 2963 1431 3033 Quin

381 3050 401 3076 “
419 3064 489 3102 vero
514 3064 549 3101 cx
574 3048 734 3118 praemissis
760 3054 790 3102 et
814 3048 880 3102 aliis
906 3053 1020 3102 constat
1046 3048 1204 3111 evidenter,
1232 3052 1262 3102 et
1284 3049 1430 3103 notorium

381 3136 400 3161 “
420 3132 527 3195 existit,
548 3133 626 3203 quod
649 3133 835 3203 prrelibetum
860 3150 985 3204 regnum
1011 3133 1125 3195 Scotire‚
1152 3136 1211 3186 tam
1234 3133 1347 3188 ratione
1365 3152 1431 3204 pos·

382 3220 400 3244 “
420 3217 556 3271 sessionis
590 3235 677 3287 quum
710 3218 907 3289 proprietatis,
935 3217 973 3271 nd
997 3235 1049 3272 nos
1079 3216 1205 3288 pertinet
1238 3217 1324 3288 pleno
1350 3218 1428 3287 jure,

382 3304 400 3328 ⁴⁴
419 3318 471 3356 neo
497 3301 654 3372 quicquum
679 3302 834 3355 fecerimus
859 3301 907 3356 vel
932 3302 1105 3364 caverimus,
1135 3300 1244 3371 scripto
1270 3301 1318 3356 vel
1343 3301 1429 3364 fecto,

383 3389 401 3413 ‘¹
421 3386 507 3441 sicuti
525 3404 578 3440 nec
603 3403 763 3457 possemus,
784 3403 836 3457 por
861 3403 926 3457 qum
949 3385 1011 3454 juri
1036 3403 1070 3439 ac
1088 3385 1264 3456 possessioni
1282 3385 1431 3457 praedictis

383 3474 401 3497 ‘⁴
420 3471 524 3525 debeat
541 3470 708 3542 aliqualiter
732 3471 876 3540 derogari,
898 3469 1052 3525 Sanctitati
1069 3475 1176 3525 vestrae
1194 3468 1345 3524 humiliter
1362 3488 1430 3542 sup-

383 3558 401 3582 “
420 3554 573 3627 plicemus,
596 3561 739 3626 quotenus
751 3556 904 3626 praemisse
920 3553 1043 3626 provida
1060 3554 1247 3609 meditatione
1265 3561 1429 3625 pensantes,

383 3641 402 3666 ‘⁸
420 3657 456 3695 ex
472 3638 533 3693 illis
551 3645 682 3695 restrum
701 3645 812 3695 motum
830 3640 919 3694 enimi
942 3639 1103 3709 dignemini
1122 3638 1288 3703 informare,
1308 3657 1431 3712 sugges·

384 3726 402 3750 ‘⁴
421 3723 549 3778 tionibus
562 3724 715 3780 contrariis
728 3722 900 3778 aemulorum
919 3724 950 3778 in
967 3724 1022 3778 heo
1039 3729 1123 3795 perte
1141 3740 1326 3795 nequaquam
1344 3724 1430 3780 fidem

383 3810 402 3835 ‘⁶
421 3807 593 3873 adhibendo,
614 3808 775 3878 quinimmo
800 3814 908 3864 statum
934 3815 1068 3863 nostrum
1093 3814 1124 3863 et
1143 3808 1214 3878 jura
1230 3815 1331 3864 nostru
1346 3810 1431 3880 regio

383 3894 402 3921 “
422 3893 589 3965 supradicta
613 3892 719 3948 habere
744 3892 852 3957 velitis,
880 3892 905 3948 si
930 3893 1036 3965 placet,
1062 3892 1205 3965 promptis
1231 3893 1431 3951 effectionibus

383 3980 402 4005 ‘⁶
421 3976 647 4032 commendata.”

417 4060 563 4130 Quantum
575 4079 644 4116 vero
662 4061 699 4115 ad
717 4061 772 4116 hoc
787 4062 864 4131 quod
875 4062 957 4132 Papa
971 4061 1085 4133 petivit,
1099 4061 1177 4132 quod
1194 4061 1220 4116 si
1239 4061 1301 4115 Rex
1314 4059 1431 4132 Angliee

380 4147 429 4217 jus
448 4146 568 4200 haberet
585 4147 616 4200 in
633 4163 724 4215 regno
737 4146 852 4210 Scotiss,
871 4146 918 4200 vel
937 4148 967 4200 in
985 4147 1085 4216 aliqua
1102 4146 1166 4217 ejus
1183 4150 1275 4216 perte,
1295 4162 1430 4216 procura-

382 4237 460 4285 tores
472 4236 502 4284 et
513 4230 670 4285 instructos
687 4231 825 4293 mitteret,
840 4238 870 4285 ct
885 4231 968 4285 fieret
984 4232 1026 4285 eis
1038 4230 1162 4301 justitiae
1178 4228 1430 4298 complementum,

382 4314 444 4367 Rex
461 4331 513 4385 per
539 4331 570 4368 se
596 4313 691 4368 noluit
716 4314 908 4385 respondere;
938 4315 990 4369 sed
1017 4314 1071 4368 hoc
1096 4312 1243 4369 commisit
1268 4311 1430 4368 Comitibus

382 4397 506 4468 aliisque
523 4404 610 4452 terrai
634 4400 822 4469 proceribus;
843 4400 893 4470 qui
913 4416 1000 4473 super
1017 4399 1072 4456 hoo
1094 4398 1218 4454 Domino
1236 4396 1324 4470 Paper
1343 4396 1430 4468 hujus

381 4483 490 4537 tenoris
508 4482 621 4537 litteras
640 4484 853 4556 rescripserunt
863 4508 908 4539 z·-

436 4694 581 4702 --n-

419 4825 529 4871 'nasim
551 4822 577 4870 in
602 4821 678 4886 erip:
705 4819 772 4868 nobb
793 4820 818 4869 in
841 4821 884 4871 the
905 4820 1005 4884 printed
1023 4829 1096 4881 texts,
1114 4823 1140 4872 iu
1158 4825 1309 4893 Bishuugsr,
1330 4831 1380 4878 and
1400 4829 1427 4878 in

382 4904 442 4955 us.
460 4902 529 4953 urai.
541 4902 606 4966 neg.
621 4907 650 4950 1³
664 4902 693 4950 s.
706 4900 742 4949 rx.
