3750 6250
731 1127 894 1181 aaronis
917 1129 1123 1184 suessona
1403 1122 1468 1188 48³

292 1321 388 1378 lBibl.
418 1326 497 1375 certo
516 1320 572 1377 sibi
590 1337 645 1377 nec
663 1317 719 1376 suo'
735 1320 914 1379 Menanteric
931 1321 969 1377 de
989 1321 1098 1377 talibus
1119 1322 1356 1381 concessionibus
1374 1324 1468 1382 ullum
1480 1333 1548 1388 An.
1564 1335 1635 1389 rael.

292 1399 357 1514 ἔξω
418 1402 602 1477 dispendium
620 1410 671 1461 aut
687 1404 892 1478 praejudicium
908 1411 1130 1478 proventurum.

323 1501 329 1514 ·
452 1488 555 1545 Paruit
578 1490 687 1546 idcirco
705 1490 804 1546 Abbas
820 1490 955 1562 petitioni
972 1491 1111 1563 praesenti
1128 1490 1313 1557 villanorum,
1333 1499 1364 1549 et
1382 1493 1468 1566 juxta
1481 1494 1538 1547 The
1548 1512 1635 1562 agree·

415 1580 484 1630 vota
502 1592 603 1630 eorum
624 1576 766 1648 scriptum
784 1575 991 1646 obligatorium
1016 1577 1071 1632 enb
1095 1577 1189 1632 forma
1204 1577 1364 1648 premissa,
1378 1596 1466 1652 appo·
1479 1572 1548 1615 ”¹⁰¹st
1564 1566 1586 1615 is

341 1698 351 1715 .
415 1659 472 1716 sito
490 1659 591 1730 sigillo
614 1659 741 1731 proprio,
766 1665 797 1715 ee
817 1659 917 1731 sigillo
934 1659 1112 1727 convensus,
1144 1661 1270 1718 oonreou
1292 1668 1323 1719 ee
1344 1631 1634 1760 sunnegfflffl

415 1744 547 1800 manibus
581 1744 747 1800 eorundem.
797 1743 860 1816 Ipsi
883 1749 983 1800 autem
1014 1745 1047 1800 in
1081 1745 1140 1802 hiis
1164 1744 1298 1803 omuibus
1321 1764 1380 1803 non
1402 1752 1465 1804 tan·
1479 1762 1522 1814 the
1532 1764 1620 1818 Am

415 1844 502 1900 quam
521 1829 640 1893 subditi,
660 1828 713 1884 sed
724 1826 806 1884 velut
823 1828 943 1893 domini,
963 1830 995 1884 iu
1006 1845 1122 1885 camera
1139 1829 1272 1896 Abbatis,
1291 1828 1323 1887 in
1334 1830 1464 1904 (lapella,
1478 1831 1528 1881 and
1539 1830 1607 1883 cen-

413 1913 445 1970 in
467 1914 603 1987 penticio,
636 1930 689 1985 pro
720 1913 806 1970 libito
839 1911 1073 1980 deambulabant,
1106 1918 1138 1970 et
1160 1914 1357 1972 interfuerunt
1374 1904 1543 1990 scrip-“¹¹t

411 2002 496 2062 tura,
529 1998 585 2069 ipsi
610 1998 752 2053 dicuntae
784 1997 840 2053 hoo
869 1997 948 2069 quod
980 1997 1166 2054 scribendum
1196 1999 1302 2066 fuerat,
1327 2007 1358 2057 et
1384 1999 1467 2071 sigil-

412 2080 513 2137 lationi
534 2082 678 2138 curiosius
702 2081 901 2149 intendentem
932 2097 1000 2138 nam
1028 2099 1082 2155 pro
1117 2088 1188 2139 tuno
1217 2083 1318 2154 sigilis
1339 2081 1464 2142 Abbatis

412 2170 443 2221 et
460 2163 628 2223 Conventus
651 2165 761 2221 ibidem
783 2166 911 2223 fuerunt.
954 2164 1040 2223 Unde
1062 2165 1197 2223 mirabile
1220 2166 1297 2225 illud
1319 2170 1460 2240 configit:
1477 2165 1631 2244 Malloea

411 2267 479 2306 cum
499 2252 600 2307 charta
618 2249 654 2305 de
672 2250 808 2306 libertate
821 2249 912 2317 villa,
924 2250 974 2309 vel
991 2251 1177 2317 villanorum,
1198 2251 1325 2324 sigillari
1347 2253 1463 2310 debuis·
1475 2248 1580 2284 cmm·

412 2334 564 2405 estquod
588 2353 655 2391 cum
691 2335 769 2389 omui
801 2335 917 2391 cantela
949 2339 979 2391 et
1009 2335 1164 2407 diligentia
1187 2351 1255 2392 cera
1280 2337 1413 2409 apposita
1445 2308 1606 2432 ⁰331?ng

411 2417 568 2475 scientibus
616 2417 715 2490 sigillo
763 2418 911 2475 communi
947 2419 1062 2485 suaset,
1108 2419 1140 2475 in
1170 2436 1228 2492 quo
1262 2418 1461 2477 vetustissimo
1474 2433 1517 2483 she
1532 2436 1629 2499 secling

410 2518 497 2575 opere
540 2503 639 2574 imago
674 2501 797 2574 gloriosi
824 2502 1055 2577 Protomartyris
1091 2502 1311 2571 Britannorum,
1341 2504 1459 2570 Albani,
1473 2500 1577 2552 thereos.

409 2587 563 2659 figuratur,
582 2594 684 2644 tenens
709 2588 741 2644 in
766 2603 857 2643 mauu
873 2585 1012 2659 palmam,
1031 2586 1114 2644 nulla
1131 2588 1229 2660 potuit
1246 2594 1309 2645 arte
1329 2607 1382 2662 per
1399 2595 1460 2646 tres

409 2672 489 2727 vices
513 2670 600 2727 avelli
628 2671 676 2728 vel
699 2670 844 2728 removeri
877 2669 914 2727 de
938 2671 1047 2741 sigillo,
1073 2672 1281 2743 pronosticum
1305 2673 1460 2745 proculdu-

409 2754 458 2812 bio
474 2754 637 2827 Martyrem
656 2756 734 2811 nolle
757 2773 807 2811 eos
830 2755 892 2810 fore
915 2755 1057 2819 dominos,
1078 2755 1130 2811 sed
1152 2755 1229 2813 velle
1253 2756 1406 2825 dominari,
1426 2764 1461 2814 ut

409 2840 557 2907 hacteuus
587 2858 675 2914 snper
710 2857 770 2896 ecs.
818 2838 926 2911 Adepti
954 2840 1086 2896 chartam
1116 2840 1285 2896 libertatum
1314 2843 1403 2908 villae,
1429 2848 1460 2899 et
1471 2861 1583 2913 vum,

408 2923 616 2996 obligationem
632 2925 793 2998 praefatam,
806 2923 944 2996 oppidani
955 2921 1037 2979 ibant
1059 2923 1230 2996 gaudentes,
1250 2930 1320 2981 tunc
1341 2927 1458 2983 demum
1471 2931 1586 2991 proceed-

408 3008 591 3081 divulgaturi
617 3010 654 3064 ad
672 3008 796 3065 Crucem
813 3007 930 3081 publice
953 3006 1086 3065 chartam
1103 3025 1192 3080 quam
1217 3008 1403 3066 obtinuerunt
1420 3011 1457 3065 de
1470 2996 1528 3072 inge
1539 2998 1617 3048 (ΜΘ

407 3092 595 3160 Menanterio,
614 3111 752 3149 unacum
770 3092 872 3149 charta
888 3091 981 3165 regia,
1000 3109 1076 3165 qum,
1094 3097 1130 3149 ut
1147 3091 1283 3158 diximus,
1302 3094 1456 3151 videbatur
1469 3074 1616 3130 mmmm·

407 3179 561 3250 indulgere
587 3179 676 3250 ligeis
700 3177 865 3234 hominibus
885 3177 987 3249 Regis,
1006 3177 1137 3244 feloniae,
1156 3179 1344 3251 proditiones,
1364 3185 1456 3236 traus-

408 3264 582 3335 gressiones,
610 3270 641 3319 et
675 3263 862 3327 extortiones,
891 3280 945 3336 per
972 3262 1051 3335 ipsos
1081 3263 1182 3329 factas,
1210 3269 1288 3330 etc.;
1309 3271 1339 3321 et
1356 3283 1455 3321 manu·

406 3348 574 3403 missionem
586 3348 692 3404 nativis
704 3348 884 3419 promittere,
897 3347 983 3403 modo
994 3352 1142 3420 praetacto.
1179 3346 1317 3404 Chartam
1336 3348 1455 3420 insuper

406 3431 626 3497 Protectoriam,
655 3450 743 3503 quam
768 3432 911 3487 Dominus
940 3431 1004 3487 Rex
1029 3431 1150 3488 miserat
1166 3431 1353 3498 Monaeterio,
1380 3433 1456 3489 iacta

406 3516 631 3589 proclamatione
673 3516 955 3580 demonstraverunt,
986 3521 1124 3586 unquam
1160 3516 1353 3571 omnimodam
1384 3517 1453 3572 foris

405 3599 634 3655 benevolentiam
652 3601 831 3667 simulantes,
845 3619 912 3657 cum
923 3601 1003 3657 intus
1014 3600 1128 3656 malitia
1137 3607 1274 3671 regnaret
1285 3601 1451 3666 ¹immensa,

406 3692 439 3742 ut
456 3706 492 3742 ex
509 3687 634 3758 posteris
653 3686 802 3742 elucebit.²

444 3945 570 4015 ctare
591 3945 787 4013 omweditor
808 3943 940 4011 cunctis
962 3941 1103 4010 Netinis
1125 3940 1246 4010 Sancti
1268 3940 1406 4010 Albuci.

439 4120 496 4175 Dic
513 4120 604 4176 Lunae
622 4127 652 4176 et
668 4119 773 4173 Martis
792 4115 991 4189 sequentibus,
1011 4118 1207 4170 convenerunt
1217 4111 1309 4168 nativi
1321 4112 1451 4168 omnium
1465 4107 1583 4160 Obarters
1593 4111 1623 4161 of

403 4206 541 4261 villarum
568 4204 776 4278 pertinentium
803 4201 992 4264 Moueeteriu
1019 4205 1181 4254 asserentes
1207 4215 1239 4252 se
1257 4198 1288 4252 iu
1305 4197 1449 4253 mandatis
1463 4174 1605 4294 fflffl*

403 4290 571 4354 habereut,
595 4289 729 4344 omnibus
755 4287 821 4342 aliis
849 4286 928 4341 curis
952 4284 1131 4357 postpositis,
1161 4283 1311 4354 exigerent
1333 4283 1448 4338 chartas
1462 4312 1605 4375 gmoedw

402 4374 636 4429 manumissionis
656 4379 687 4427 et
706 4370 860 4434 libertatis,
882 4369 1041 4425 secundnm
1058 4375 1189 4422 tenorem
1200 4366 1308 4421 chartae
1320 4365 1446 4437 regalis3
1461 4375 1505 4426 the
1515 4378 1593 4428 bond-

402 4461 452 4531 qui
472 4476 572 4515 omnes
591 4456 758 4513 consimiles
777 4455 893 4510 chartas
914 4456 1096 4526 acceperunt,
1117 4453 1148 4506 in
1165 4452 1227 4506 haeo
1244 4451 1334 4506 verba
1343 4473 1389 4506 :-
1460 4445 1560 4523 mqnof

438 4547 456 4571 “
467 4542 619 4600 Universis
642 4541 755 4597 Sancta
775 4539 881 4594 Matris
899 4538 1039 4593 Ecclesiae
1058 4536 1137 4600 filiis,
1157 4541 1313 4607 praesentes
1333 4535 1445 4591 litteras
1459 4510 1564 4630 {3:325

402 4632 421 4656 “
441 4627 625 4699 inspecturis,
651 4625 786 4689 Thomas,
805 4622 998 4695 permissione
1022 4618 1121 4676 Abbae
1150 4619 1321 4675 Mouastarii
1347 4620 1446 4675 Sancti
1567 4618 1571 4627 '

402 4716 420 4740 “
440 4712 556 4776 Albani,
583 4716 613 4765 et
641 4708 772 4780 ejusdem
802 4707 858 4762 loci
889 4705 1064 4770 Conventus,
1096 4703 1219 4760 salutm
1249 4704 1281 4759 in
1310 4703 1443 4760 Domino.

850 4881 888 4886 ..,-
899 4879 949 4885 .--.
1233 4875 1237 4878 ·
1245 4873 1443 4880 --—--.———.

435 5000 485 5046 'in
509 5013 589 5048 menso
622 4997 649 5047 in
680 4995 744 5061 orig.
777 4994 829 5045 aad
849 4992 893 5043 tire
981 4989 1026 5040 ’A
1047 4989 1108 5054 long
1127 5003 1232 5056 passage
1249 4989 1277 5039 in
1300 4989 1357 5042 MS.
1375 4989 1443 5042 Bibl.

400 5079 498 5144 printed
508 5085 582 5129 texts.
948 5069 1011 5135 Reg.
1025 5074 1055 5119 13
1067 5068 1097 5120 a.
1108 5068 1365 5120 intersistentes.

1209 5141 1310 5202 11112
