3750 6250
670 1110 835 1164 meroem
856 1112 1066 1168 momulus
1352 1105 1392 1169 51

1071 1232 1082 1270 e

242 1303 322 1354 Ψ·
376 1298 490 1355 Eodem
522 1314 607 1364 suno,
644 1296 801 1364 Kurolus,
821 1316 979 1371 germanus
1015 1301 1108 1373 Regis
1143 1301 1285 1374 Francis),
1311 1301 1474 1359 was-An.
1490 1309 1559 1359 1295.

245 1353 306 1474 {a
340 1383 455 1438 conium
472 1384 624 1454 ingressus
636 1400 704 1437 eum
715 1384 854 1449 exercitu,
868 1384 1044 1440 Risuucium
1056 1385 1179 1451 obsedit,
1202 1392 1240 1451 et,
1261 1386 1393 1457 fugiente

242 1459 257 1541 ζ,
339 1466 403 1538 ejus
427 1469 587 1540 capitaneo,
614 1467 745 1522 Johaune
775 1468 812 1523 de
842 1469 1003 1533 Britannia,
1026 1488 1093 1524 oum
1117 1470 1245 1526 Roberto
1269 1469 1500 1543 Typetotlbsns·

337 1552 439 1623 penos
463 1551 574 1607 renone
598 1550 636 1606 uo
667 1552 821 1607 tuitionem
850 1553 929 1608 vine
952 1553 1105 1619 muretus,
1138 1554 1212 1609 seris
1235 1544 1337 1625 quus
1360 1556 1392 1610 in
1405 1538 1539 1591 stetistis

337 1634 518 1690 bebdomsds
552 1635 673 1691 Pssohae
709 1637 804 1706 oepit;
842 1635 1010 1707 militesque
1034 1636 1075 1691 ibi
1104 1643 1245 1708 repertos,
1277 1632 1390 1693 soilio'et
1403 1605 1507 1658 Eme·

338 1716 543 1791 ¹deulphum
561 1719 597 1773 de
616 1718 738 1789 Gorgos,
753 1720 902 1789 Rogerum
925 1718 962 1773 de
975 1719 1158 1791 Leybourne,
1178 1726 1209 1775 et
1226 1720 1389 1776 Johsnnem

338 1802 374 1857 (le
398 1802 569 1874 Oretingge,
594 1821 662 1858 oum
680 1803 746 1859 sliis
765 1804 910 1859 militibus
934 1803 1091 1859 tresdecim
1111 1811 1141 1860 ot
1164 1805 1311 1860 scutiferis
1336 1807 1389 1860 tri-

338 1888 421 1958 glute
445 1889 551 1953 tribus,
583 1888 715 1943 Parisios
749 1890 879 1959 osptiros
903 1889 1077 1952 treuemieit.
1133 1888 1254 1944 Occisus
1278 1895 1324 1945 est
1346 1890 1389 1944 ibi

337 1971 432 2034 Adam
468 1972 504 2027 de
546 1972 716 2044 Oretiugge,
753 1973 839 2027 miles
882 1972 1037 2027 admodum
1076 1973 1194 2044 probus,
1226 1973 1389 2044 proditione

338 2056 490 2127 cujusdem
507 2058 621 2122 militis,
634 2058 751 2112 nomine
777 2060 795 2083 “
806 2057 960 2122 Waltori,”
980 2064 1170 2127 cognomento
1191 2061 1209 2084 “
1220 2057 1342 2113 Giffurdi
1352 2058 1388 2124 ”3

338 2141 397 2211 qui,
418 2141 512 2195 sectus
530 2141 692 2211 transfuga,
706 2145 835 2196 morotus
860 2146 906 2196 cst
928 2141 960 2195 in
985 2139 1090 2196 Gslliie
1115 2142 1198 2195 cunis
1222 2141 1334 2196 multis.

370 2224 481 2281 Eodem
494 2225 542 2279 die
565 2225 679 2281 reddita
702 2231 748 2280 est
769 2225 905 2296 Angliois
928 2225 1001 2279 vills
1026 2225 1125 2280 Sancti
1152 2225 1271 2291 Severi3
1303 2225 1388 2297 cujus

336 2309 503 2381 capitaneus
540 2308 630 2380 Euge
671 2307 707 2362 de
743 2308 822 2364 Vcer
861 2310 1058 2365 constituitur.
1109 2309 1238 2364 Korolus
1279 2315 1386 2375 autem,

336 2393 444 2447 eversis
468 2392 541 2447 ville
558 2398 589 2446 et
607 2399 702 2447 oestro
725 2392 868 2457 Risimcii,
897 2392 1036 2447 Sanctum
1062 2392 1212 2457 Severum,
1233 2400 1388 2465 antequem

336 2476 510 2532 sufficienter
538 2477 697 2540 munietur,
722 2485 859 2549 properet
882 2477 1025 2532 obsidere.
1064 2476 1166 2545 Quem,
1192 2478 1223 2532 iu
1248 2496 1388 2547 magnum

336 2559 514 2616 Gallicorum
558 2560 752 2632 dispendium,
797 2562 848 2631 qui
896 2561 1005 2615 ibidem
1049 2562 1125 2616 semo
1179 2562 1387 2628 moriebantur,
1485 2595 1488 2600 ·

335 2651 363 2701 et
385 2650 478 2716 peste,
500 2645 596 2700 tonuit
624 2646 764 2716 praefstus
795 2644 886 2715 Hugo
908 2645 1063 2700 tresdecim
1100 2646 1279 2715 septimanis.
1330 2646 1387 2700 De·

335 2729 498 2784 linientibus
534 2728 651 2784 taudem
681 2727 749 2792 hiis,
787 2730 838 2799 qui
874 2730 954 2784 intus
991 2735 1081 2793 eruut,
1105 2746 1158 2800 per
1181 2730 1387 2785 modiationem

334 2813 481 2869 Comitum
506 2812 542 2867 de
569 2811 720 2882 ²Anudoys
744 2818 775 2867 et
802 2811 977 2877 ³Fuotonsis,
1010 2814 1061 2884 qui
1086 2819 1150 2869 erut
1172 2832 1240 2869 oum
1264 2814 1384 2878 Ksrolo,

334 2898 450 2953 obtentu
474 2903 520 2951 ost
543 2905 648 2967 trougs
671 2896 785 2950 dicrum
810 2896 986 2968 quindecim,
1013 2897 1090 2952 infru
1114 2916 1187 2968 quos
1212 2898 1314 2953 liceret
1337 2898 1386 2952 ob·

334 2983 421 3037 sessis
446 2999 499 3054 pro
532 2981 662 3036 subsidio
686 2982 802 3036 mittere
833 2981 865 3035 in
887 2982 1063 3046 ⁴Boionem;
1093 3000 1150 3052 quo
1174 2982 1324 3037 deficiente
1349 2982 1386 3036 cd

334 3067 491 3122 terminum
514 3070 713 3137 pretaxatam,
748 3064 863 3120 redditu
897 3072 943 3120 est
968 3065 1040 3119 villu
1076 3064 1213 3133 Gallicis3
1242 3067 1284 3120 ito
1308 3066 1385 3136 quod

334 3151 445 3207 salveto
477 3150 538 3204 sint
568 3148 770 3204 roc-edentibus
803 3167 894 3213 ormo,
930 3168 996 3238 qum
1022 3150 1198 3220 supellectili
1229 3168 1282 3205 sus
1313 3156 1383 3215 tots,

334 3235 400 3290 disto
424 3233 569 3289 conductu
594 3250 687 3303 usque
712 3233 749 3286 ud
772 3232 844 3288 duce
869 3233 963 3288 dietus
987 3234 1024 3288 ob
1048 3235 1186 3288 exercitu.
1224 3233 1385 3288 Remanen-

334 3321 411 3374 tibus
436 3336 506 3372 voro
541 3317 624 3372 nulls
659 3323 704 3372 est
739 3317 822 3372 illato
856 3318 1000 3380 molestis,
1040 3318 1092 3373 sed
1123 3319 1230 3389 potius,
1269 3318 1384 3373 obsides

334 3405 414 3474 prius
439 3401 557 3457 abduc-ti
587 3400 730 3464 Tolosam,
756 3419 809 3471 por
843 3401 1041 3457 Senescullum
1074 3400 1166 3472 Regis
1199 3401 1329 3456 Francius
1354 3402 1386 3456 in

333 3488 403 3543 villu
423 3487 544 3558 repositi
564 3491 647 3549 suut3
668 3485 812 3540 restitutis
825 3486 868 3539 eis
888 3487 1022 3541 omnibus
1035 3486 1122 3541 robus
1137 3487 1208 3541 suis.
1246 3485 1383 3550 Kurolus,

334 3573 435 3644 positis
460 3571 492 3624 in
515 3569 586 3623 ville.
619 3569 797 3633 custodibus,
823 3588 890 3624 cum
920 3572 1050 3626 exercitu
1082 3590 1134 3625 suo
1166 3571 1324 3625 revortitur
1354 3571 1386 3624 in

334 3656 502 3720 lumniam
522 3661 588 3724 post
611 3654 695 3725 cujus
720 3653 890 3719 discessum,
916 3655 993 3710 infre
1016 3673 1123 3727 paucos
1147 3655 1209 3711 dies
1234 3662 1318 3727 coptu
1340 3659 1386 3712 est

335 3740 403 3795 rills
427 3739 463 3793 ab
488 3737 621 3808 Anglicis
646 3739 760 3793 iterato.

366 3823 478 3880 Eodem
503 3841 577 3877 suno
607 3822 665 3877 duo
699 3821 877 3885 cardinales,
909 3822 1085 3879 Albunonsis
1110 3831 1140 3879 et
1174 3824 1382 3887 Prmnestinus,
1397 3831 1534 3882 Trocm-

334 3909 425 3980 primo
449 3906 487 3961 od
522 3906 634 3976 Regem
658 3906 798 3970 mancis,
826 3912 927 3977 posteo
951 3907 988 3961 cd
1011 3907 1124 3977 Regem
1147 3907 1273 3978 Anglim‚
1298 3925 1383 3963 vene·
1396 3899 1547 3962 djsssslwnt

334 3997 417 4058 runt;
449 3991 533 4045 missi
557 4009 575 4044 o
598 3990 679 4060 Pepu
697 3990 855 4044 Bouessoio
878 4009 931 4061 pro
955 4009 1027 4061 poce
1051 3992 1128 4045 inter
1152 4009 1237 4062 reges
1263 3998 1293 4047 et
1316 4009 1381 4046 cou-
1395 3968 1534 4019 t⁰m²t⁰s

334 4075 430 4131 cordis
453 4073 644 4128 reformando.
683 4072 740 4141 Qui
770 4075 848 4128 circo
874 4075 982 4129 foetum
1014 4074 1200 4131 Pentecostes
1231 4076 1379 4129 venientes
1392 4048 1503 4151 {252OE

335 4159 503 4222 londonias,
535 4157 643 4212 ibidem
673 4174 708 4211 ex
731 4157 866 4211 mundato
884 4157 986 4227 Regis,
1018 4157 1111 4212 edhuc
1136 4159 1166 4212 iu
1189 4158 1298 4213 Wcllis
1332 4175 1378 4211 ex·
1392 4168 1510 4231 Euglsud

333 4244 455 4305 isteutie,
481 4242 544 4312 ejus
568 4241 808 4312 praestolabuntur
829 4241 1001 4308 adventum
1023 4242 1073 4312 qui
1097 4243 1154 4296 suit
1177 4243 1251 4296 citro
1271 4243 1379 4296 loetum
1390 4236 1551 4289 ⁸&me

335 4327 430 4383 Ssnoti
449 4327 529 4381 Petri
553 4325 590 4380 od
613 4325 747 4381 Vincula.
786 4325 954 4380 Curdinslos
978 4327 1071 4396 igitur
1094 4344 1191 4380 corum
1215 4327 1296 4394 Rege
1309 4344 1381 4380 nun-

335 4414 409 4466 cium
428 4428 513 4465 suum
531 4418 748 4482 prosequentes,
763 4416 901 4480 etpscom
914 4410 1077 4475 suadentes,
1091 4410 1297 4480 ⁵treugsmque
1310 4410 1380 4464 duo·

335 4515 397 4552 rum
415 4512 557 4551 annorum
568 4500 709 4565 petentes,
722 4493 973 4567 respondentoque
985 4494 1068 4565 Rogo
1087 4494 1165 4566 quod
1176 4495 1207 4549 in
1218 4512 1320 4565 puocm
1332 4495 1379 4551 vel
1400 4569 1405 4578 Ι

467 4677 1043 4687 -—--.--———-—-...-—.-.-—-,

368 4793 448 4843 'Two
468 4806 561 4844 names.
582 4805 610 4839 as
625 4789 700 4854 given
711 4789 745 4852 by
757 4787 832 4837 Rish·
883 4787 978 4838 Triret

337 4887 417 4938 sager,
430 4888 473 4922 sre
485 4870 591 4921 omitted
601 4870 667 4918 here.
916 4867 1051 4917 ⁴Boiorum
1062 4866 1088 4917 iu
1104 4867 1166 4933 orig.

367 4949 641 5002 *AmsloisiuTrivet
917 4946 1078 5011 ⁵treuyumin
1090 4947 1132 4996 the
1144 4946 1243 5011 printed
1253 4955 1327 5000 texts

368 5032 520 5082 ’Summis
553 5029 581 5077 iu
616 5027 759 5092 Bishsuger
785 5027 834 5076 sud

1181 5122 1249 5182 1³2
