<?xml version="1.0" encoding="UTF-8"?>
<!DOCTYPE html PUBLIC "-//W3C//DTD XHTML 1.0 Transitional//EN"
    "http://www.w3.org/TR/xhtml1/DTD/xhtml1-transitional.dtd">
<html xmlns="http://www.w3.org/1999/xhtml" xml:lang="en" lang="en">
 <head>
  <title>
</title>
<meta http-equiv="Content-Type" content="text/html;charset=utf-8" />
  <meta name='ocr-system' content='tesseract 3.04.00' />
  <meta name='ocr-capabilities' content='ocr_page ocr_carea ocr_par ocr_line ocrx_word'/>
</head>
<body>
  <div class='ocr_page' id='page_1' title='image "./thomaewalsingha00rilegoog_0191.png"; bbox 0 0 3750 6250; ppageno 0'>
   <div class='ocr_carea' id='block_1_1' title="bbox 657 1090 1381 1156">
    <p class='ocr_par' dir='ltr' id='par_1_1' title="bbox 657 1090 1381 1156">
     <span class='ocr_line' id='line_1_1' title="bbox 657 1090 1381 1156; baseline 0.003 -2"><span class='ocrx_word' id='word_1_1' title='bbox 657 1102 822 1155; x_wconf 72' lang='lat' dir='ltr'>ursmare</span> <span class='ocrx_word' id='word_1_2' title='bbox 842 1102 1049 1155; x_wconf 69' lang='lat' dir='ltr'>tremelus</span> <span class='ocrx_word' id='word_1_3' title='bbox 1167 1123 1172 1134; x_wconf 90' lang='lat'>·</span> <span class='ocrx_word' id='word_1_4' title='bbox 1317 1090 1381 1156; x_wconf 80' lang='lat'>153</span> 
     </span>
    </p>
   </div>
   <div class='ocr_carea' id='block_1_2' title="bbox 290 1292 1551 4234">
    <p class='ocr_par' dir='ltr' id='par_1_2' title="bbox 290 1292 1551 4234">
     <span class='ocr_line' id='line_1_2' title="bbox 333 1292 1506 1364; baseline -0.003 -15"><span class='ocrx_word' id='word_1_5' title='bbox 333 1293 565 1350; x_wconf 87' lang='lat' dir='ltr'>introduxerunt.</span> <span class='ocrx_word' id='word_1_6' title='bbox 599 1293 655 1364; x_wconf 83' lang='lat' dir='ltr'>Qui</span> <span class='ocrx_word' id='word_1_7' title='bbox 668 1294 765 1349; x_wconf 87' lang='lat' dir='ltr'>subito</span> <span class='ocrx_word' id='word_1_8' title='bbox 777 1294 921 1349; x_wconf 87' lang='lat' dir='ltr'>irruentes</span> <span class='ocrx_word' id='word_1_9' title='bbox 934 1293 965 1347; x_wconf 92' lang='lat' dir='ltr'>in</span> <span class='ocrx_word' id='word_1_10' title='bbox 977 1310 1053 1357; x_wconf 89' lang='lat' dir='ltr'>eum,</span> <span class='ocrx_word' id='word_1_11' title='bbox 1067 1292 1110 1347; x_wconf 90' lang='lat' dir='ltr'>nil</span> <span class='ocrx_word' id='word_1_12' title='bbox 1121 1293 1182 1364; x_wconf 87' lang='lat' dir='ltr'>tale</span> <span class='ocrx_word' id='word_1_13' title='bbox 1193 1292 1379 1363; x_wconf 72' lang='lat' dir='ltr'>cogitantem,</span> <span class='ocrx_word' id='word_1_14' title='bbox 1437 1298 1506 1354; x_wconf 68' lang='grc' dir='ltr'>Μ),</span> 
     </span>
     <span class='ocr_line' id='line_1_3' title="bbox 333 1371 1547 1451; baseline -0.004 -16"><span class='ocrx_word' id='word_1_15' title='bbox 333 1378 453 1435; x_wconf 86' lang='lat' dir='ltr'>inflictis</span> <span class='ocrx_word' id='word_1_16' title='bbox 477 1379 575 1451; x_wconf 88' lang='lat' dir='ltr'>plagis</span> <span class='ocrx_word' id='word_1_17' title='bbox 599 1384 798 1451; x_wconf 87' lang='lat' dir='ltr'>oeperunt‚.et</span> <span class='ocrx_word' id='word_1_18' title='bbox 820 1377 945 1433; x_wconf 85' lang='lat' dir='ltr'>vinculis</span> <span class='ocrx_word' id='word_1_19' title='bbox 969 1377 1073 1432; x_wconf 85' lang='lat' dir='ltr'>ferreis</span> <span class='ocrx_word' id='word_1_20' title='bbox 1097 1378 1204 1432; x_wconf 90' lang='lat' dir='ltr'>acriter</span> <span class='ocrx_word' id='word_1_21' title='bbox 1222 1376 1381 1432; x_wconf 83' lang='lat' dir='ltr'>constrinx-</span> <span class='ocrx_word' id='word_1_22' title='bbox 1394 1371 1467 1429; x_wconf 72' lang='lat'>¹³¹⁷,</span> <span class='ocrx_word' id='word_1_23' title='bbox 1477 1373 1547 1421; x_wconf 76' lang='lat'><strong>¹³1⁸·</strong></span> 
     </span>
     <span class='ocr_line' id='line_1_4' title="bbox 290 1460 1381 1535; baseline -0.005 -14"><span class='ocrx_word' id='word_1_24' title='bbox 290 1470 304 1523; x_wconf 89' lang='grc' dir='ltr'>Ι.</span> <span class='ocrx_word' id='word_1_25' title='bbox 334 1468 438 1529; x_wconf 85' lang='lat' dir='ltr'>erunt;</span> <span class='ocrx_word' id='word_1_26' title='bbox 459 1462 590 1529; x_wconf 88' lang='lat' dir='ltr'>¹deiude,</span> <span class='ocrx_word' id='word_1_27' title='bbox 606 1482 693 1535; x_wconf 91' lang='lat' dir='ltr'>quam</span> <span class='ocrx_word' id='word_1_28' title='bbox 711 1463 769 1518; x_wconf 92' lang='lat' dir='ltr'>cito</span> <span class='ocrx_word' id='word_1_29' title='bbox 786 1467 953 1535; x_wconf 89' lang='lat' dir='ltr'>potuerunt,</span> <span class='ocrx_word' id='word_1_30' title='bbox 967 1479 1035 1516; x_wconf 91' lang='lat' dir='ltr'>eum</span> <span class='ocrx_word' id='word_1_31' title='bbox 1053 1478 1120 1516; x_wconf 91' lang='lat' dir='ltr'>cum</span> <span class='ocrx_word' id='word_1_32' title='bbox 1141 1462 1231 1517; x_wconf 86' lang='lat' dir='ltr'>fratrc</span> <span class='ocrx_word' id='word_1_33' title='bbox 1253 1479 1315 1525; x_wconf 89' lang='lat' dir='ltr'>suo,</span> <span class='ocrx_word' id='word_1_34' title='bbox 1330 1460 1381 1531; x_wconf 93' lang='lat' dir='ltr'>qui</span> 
     </span>
     <span class='ocr_line' id='line_1_5' title="bbox 334 1544 1382 1620; baseline -0.007 -16"><span class='ocrx_word' id='word_1_35' title='bbox 334 1552 432 1605; x_wconf 82' lang='lat' dir='ltr'>tamen</span> <span class='ocrx_word' id='word_1_36' title='bbox 450 1554 552 1620; x_wconf 90' lang='lat' dir='ltr'>eaptus</span> <span class='ocrx_word' id='word_1_37' title='bbox 570 1550 674 1613; x_wconf 88' lang='lat' dir='ltr'>fuerat,</span> <span class='ocrx_word' id='word_1_38' title='bbox 692 1548 855 1603; x_wconf 86' lang='lat' dir='ltr'>Londonias</span> <span class='ocrx_word' id='word_1_39' title='bbox 873 1547 1115 1612; x_wconf 86' lang='lat' dir='ltr'>transmiseruut;</span> <span class='ocrx_word' id='word_1_40' title='bbox 1135 1546 1186 1602; x_wconf 94' lang='lat' dir='ltr'>ubi</span> <span class='ocrx_word' id='word_1_41' title='bbox 1201 1544 1382 1616; x_wconf 85' lang='lat' dir='ltr'>judicialiter</span> 
     </span>
     <span class='ocr_line' id='line_1_6' title="bbox 334 1631 1382 1703; baseline -0.005 -14"><span class='ocrx_word' id='word_1_42' title='bbox 334 1632 552 1698; x_wconf 87' lang='lat' dir='ltr'>condemnatus,</span> <span class='ocrx_word' id='word_1_43' title='bbox 567 1633 598 1688; x_wconf 93' lang='lat' dir='ltr'>in</span> <span class='ocrx_word' id='word_1_44' title='bbox 616 1633 708 1688; x_wconf 90' lang='lat' dir='ltr'>oculis</span> <span class='ocrx_word' id='word_1_45' title='bbox 721 1631 921 1687; x_wconf 80' lang='lat' dir='ltr'>Cardinalium</span> <span class='ocrx_word' id='word_1_46' title='bbox 939 1648 1012 1702; x_wconf 91' lang='lat' dir='ltr'>quos</span> <span class='ocrx_word' id='word_1_47' title='bbox 1030 1631 1206 1703; x_wconf 71' lang='lat' dir='ltr'><strong>spoliaverat</strong></span> <span class='ocrx_word' id='word_1_48' title='bbox 1222 1634 1333 1685; x_wconf 86' lang='lat' dir='ltr'>tractus</span> <span class='ocrx_word' id='word_1_49' title='bbox 1352 1635 1382 1683; x_wconf 89' lang='lat' dir='ltr'>et</span> 
     </span>
     <span class='ocr_line' id='line_1_7' title="bbox 290 1713 1381 1791; baseline -0.005 -18"><span class='ocrx_word' id='word_1_50' title='bbox 290 1737 323 1785; x_wconf 82' lang='lat' dir='ltr'>re,</span> <span class='ocrx_word' id='word_1_51' title='bbox 335 1735 495 1791; x_wconf 82' lang='lat' dir='ltr'>suspensus</span> <span class='ocrx_word' id='word_1_52' title='bbox 507 1723 561 1774; x_wconf 89' lang='lat' dir='ltr'>est.</span> <span class='ocrx_word' id='word_1_53' title='bbox 581 1717 632 1772; x_wconf 90' lang='lat' dir='ltr'>Illi</span> <span class='ocrx_word' id='word_1_54' title='bbox 640 1735 709 1773; x_wconf 88' lang='lat' dir='ltr'>vero</span> <span class='ocrx_word' id='word_1_55' title='bbox 721 1715 772 1787; x_wconf 90' lang='lat' dir='ltr'>qui</span> <span class='ocrx_word' id='word_1_56' title='bbox 781 1715 839 1771; x_wconf 93' lang='lat' dir='ltr'>sibi</span> <span class='ocrx_word' id='word_1_57' title='bbox 846 1714 1020 1770; x_wconf 82' lang='lat' dir='ltr'>famulatum</span> <span class='ocrx_word' id='word_1_58' title='bbox 1027 1714 1220 1787; x_wconf 70' lang='lat' dir='ltr'>prebuerant,</span> <span class='ocrx_word' id='word_1_59' title='bbox 1231 1713 1381 1769; x_wconf 77' lang='lat' dir='ltr'><strong>audientes</strong></span> 
     </span>
     <span class='ocr_line' id='line_1_8' title="bbox 335 1797 1379 1875; baseline -0.009 -15"><span class='ocrx_word' id='word_1_60' title='bbox 335 1819 405 1860; x_wconf 90' lang='lat' dir='ltr'>eum</span> <span class='ocrx_word' id='word_1_61' title='bbox 421 1809 548 1875; x_wconf 85' lang='lat' dir='ltr'>captum,</span> <span class='ocrx_word' id='word_1_62' title='bbox 568 1802 605 1856; x_wconf 85' lang='lat' dir='ltr'>ad</span> <span class='ocrx_word' id='word_1_63' title='bbox 623 1801 785 1858; x_wconf 87' lang='lat' dir='ltr'>Walterum</span> <span class='ocrx_word' id='word_1_64' title='bbox 808 1799 845 1856; x_wconf 91' lang='lat' dir='ltr'>de</span> <span class='ocrx_word' id='word_1_65' title='bbox 865 1798 963 1871; x_wconf 89' lang='lat' dir='ltr'>Selby,</span> <span class='ocrx_word' id='word_1_66' title='bbox 984 1817 1045 1854; x_wconf 75' lang='lat' dir='ltr'>sun</span> <span class='ocrx_word' id='word_1_67' title='bbox 1068 1804 1231 1855; x_wconf 87' lang='lat' dir='ltr'>consortem</span> <span class='ocrx_word' id='word_1_68' title='bbox 1248 1797 1379 1862; x_wconf 83' lang='lat' dir='ltr'>malitiae,</span> 
     </span>
     <span class='ocr_line' id='line_1_9' title="bbox 290 1856 1381 1957; baseline -0.004 -14"><span class='ocrx_word' id='word_1_69' title='bbox 290 1856 306 1910; x_wconf 56' lang='lat' dir='ltr'>L</span> <span class='ocrx_word' id='word_1_70' title='bbox 336 1905 369 1943; x_wconf 88' lang='lat' dir='ltr'>ee</span> <span class='ocrx_word' id='word_1_71' title='bbox 386 1887 580 1951; x_wconf 89' lang='lat' dir='ltr'>contulerunt,</span> <span class='ocrx_word' id='word_1_72' title='bbox 594 1885 645 1957; x_wconf 93' lang='lat' dir='ltr'>qui</span> <span class='ocrx_word' id='word_1_73' title='bbox 657 1886 689 1940; x_wconf 90' lang='lat' dir='ltr'>in</span> <span class='ocrx_word' id='word_1_74' title='bbox 699 1882 909 1941; x_wconf 79' lang='lat' dir='ltr'>refortiuncula</span> <span class='ocrx_word' id='word_1_75' title='bbox 920 1900 974 1939; x_wconf 88' lang='lat' dir='ltr'>sua</span> <span class='ocrx_word' id='word_1_76' title='bbox 985 1883 1022 1940; x_wconf 87' lang='lat' dir='ltr'>de</span> <span class='ocrx_word' id='word_1_77' title='bbox 1033 1882 1149 1942; x_wconf 79' lang='lat' dir='ltr'>Hortor</span> <span class='ocrx_word' id='word_1_78' title='bbox 1160 1882 1262 1946; x_wconf 86' lang='lat' dir='ltr'>latens,</span> <span class='ocrx_word' id='word_1_79' title='bbox 1275 1881 1381 1939; x_wconf 83' lang='lat' dir='ltr'>ricinis</span> 
     </span>
     <span class='ocr_line' id='line_1_10' title="bbox 337 1970 789 2042; baseline -0.009 -14"><span class='ocrx_word' id='word_1_80' title='bbox 337 1972 464 2029; x_wconf 87' lang='lat' dir='ltr'>similem</span> <span class='ocrx_word' id='word_1_81' title='bbox 481 1971 621 2042; x_wconf 87' lang='lat' dir='ltr'>injuriam</span> <span class='ocrx_word' id='word_1_82' title='bbox 638 1970 789 2025; x_wconf 76' lang='lat' dir='ltr'>inferebat,</span> 
     </span>
     <span class='ocr_line' id='line_1_11' title="bbox 290 2051 1451 2126; baseline -0.008 -15"><span class='ocrx_word' id='word_1_83' title='bbox 290 2076 313 2126; x_wconf 60' lang='grc' dir='ltr'>ί,</span> <span class='ocrx_word' id='word_1_84' title='bbox 371 2056 438 2111; x_wconf 87' lang='lat' dir='ltr'>Hoc</span> <span class='ocrx_word' id='word_1_85' title='bbox 463 2071 538 2111; x_wconf 88' lang='lat' dir='ltr'>anno</span> <span class='ocrx_word' id='word_1_86' title='bbox 561 2054 704 2110; x_wconf 76' lang='lat' dir='ltr'><strong>Dominus</strong></span> <span class='ocrx_word' id='word_1_87' title='bbox 728 2053 809 2125; x_wconf 91' lang='lat' dir='ltr'>Papa</span> <span class='ocrx_word' id='word_1_88' title='bbox 833 2053 996 2125; x_wconf 80' lang='lat' dir='ltr'>Septimum</span> <span class='ocrx_word' id='word_1_89' title='bbox 1025 2051 1148 2107; x_wconf 83' lang='lat' dir='ltr'>Librum</span> <span class='ocrx_word' id='word_1_90' title='bbox 1172 2051 1378 2115; x_wconf 86' lang='lat' dir='ltr'>Decretalium,</span> <span class='ocrx_word' id='word_1_91' title='bbox 1394 2052 1451 2103; x_wconf 86' lang='lat' dir='ltr'>The</span> 
     </span>
     <span class='ocr_line' id='line_1_12' title="bbox 290 2120 1506 2212; baseline -0.003 -18"><span class='ocrx_word' id='word_1_92' title='bbox 290 2150 307 2195; x_wconf 76' lang='lat' dir='ltr'>t.</span> <span class='ocrx_word' id='word_1_93' title='bbox 336 2158 355 2197; x_wconf 87' lang='lat' dir='ltr'>a</span> <span class='ocrx_word' id='word_1_94' title='bbox 378 2139 592 2212; x_wconf 74' lang='lat' dir='ltr'>praedecessore</span> <span class='ocrx_word' id='word_1_95' title='bbox 617 2155 670 2193; x_wconf 92' lang='lat' dir='ltr'>suo</span> <span class='ocrx_word' id='word_1_96' title='bbox 696 2139 899 2210; x_wconf 89' lang='lat' dir='ltr'>compositum,</span> <span class='ocrx_word' id='word_1_97' title='bbox 925 2142 956 2192; x_wconf 92' lang='lat' dir='ltr'>et</span> <span class='ocrx_word' id='word_1_98' title='bbox 979 2137 1063 2208; x_wconf 89' lang='lat' dir='ltr'>quasi</span> <span class='ocrx_word' id='word_1_99' title='bbox 1088 2136 1124 2191; x_wconf 93' lang='lat' dir='ltr'>ab</span> <span class='ocrx_word' id='word_1_100' title='bbox 1155 2136 1219 2208; x_wconf 92' lang='lat' dir='ltr'>ipso</span> <span class='ocrx_word' id='word_1_101' title='bbox 1242 2136 1379 2199; x_wconf 84' lang='lat' dir='ltr'>deletum,</span> <span class='ocrx_word' id='word_1_102' title='bbox 1395 2120 1506 2171; x_wconf 62' lang='lat' dir='ltr'>Sfflmh</span> 
     </span>
     <span class='ocr_line' id='line_1_13' title="bbox 291 2185 1550 2304; baseline -0.006 -26"><span class='ocrx_word' id='word_1_103' title='bbox 291 2210 307 2262; x_wconf 83' lang='lat'>¹·</span> <span class='ocrx_word' id='word_1_104' title='bbox 335 2222 543 2296; x_wconf 81' lang='lat' dir='ltr'>promulgarit,</span> <span class='ocrx_word' id='word_1_105' title='bbox 569 2222 707 2286; x_wconf 87' lang='lat' dir='ltr'>instituit,</span> <span class='ocrx_word' id='word_1_106' title='bbox 732 2228 763 2277; x_wconf 91' lang='lat' dir='ltr'>et</span> <span class='ocrx_word' id='word_1_107' title='bbox 786 2221 976 2278; x_wconf 79' lang='lat' dir='ltr'>confirmavit.</span> <span class='ocrx_word' id='word_1_108' title='bbox 1015 2219 1148 2276; x_wconf 75' lang='lat' dir='ltr'>Instituit</span> <span class='ocrx_word' id='word_1_109' title='bbox 1168 2221 1257 2276; x_wconf 81' lang='lat' dir='ltr'>etiam</span> <span class='ocrx_word' id='word_1_110' title='bbox 1275 2219 1382 2275; x_wconf 84' lang='lat' dir='ltr'>festum</span> <span class='ocrx_word' id='word_1_111' title='bbox 1394 2185 1550 2304; x_wconf 39' lang='lat' dir='ltr'>&amp;me</span> 
     </span>
     <span class='ocr_line' id='line_1_14' title="bbox 337 2290 1551 2378; baseline -0.004 -15"><span class='ocrx_word' id='word_1_112' title='bbox 337 2307 530 2364; x_wconf 74' lang='lat' dir='ltr'>solemnitatis</span> <span class='ocrx_word' id='word_1_113' title='bbox 554 2306 691 2378; x_wconf 77' lang='lat' dir='ltr'>Corporis</span> <span class='ocrx_word' id='word_1_114' title='bbox 715 2305 836 2372; x_wconf 80' lang='lat' dir='ltr'>Christi,</span> <span class='ocrx_word' id='word_1_115' title='bbox 862 2305 940 2378; x_wconf 89' lang='lat' dir='ltr'>quod</span> <span class='ocrx_word' id='word_1_116' title='bbox 964 2304 1000 2360; x_wconf 88' lang='lat' dir='ltr'>ab</span> <span class='ocrx_word' id='word_1_117' title='bbox 1023 2304 1141 2361; x_wconf 90' lang='lat' dir='ltr'>Urbano</span> <span class='ocrx_word' id='word_1_118' title='bbox 1158 2304 1239 2376; x_wconf 87' lang='lat' dir='ltr'>Papa</span> <span class='ocrx_word' id='word_1_119' title='bbox 1255 2290 1551 2373; x_wconf 60' lang='lat' dir='ltr'>²Quartoand1mfim&#39;.</span> 
     </span>
     <span class='ocr_line' id='line_1_15' title="bbox 337 2385 1541 2465; baseline -0.007 -18"><span class='ocrx_word' id='word_1_120' title='bbox 337 2391 464 2463; x_wconf 86' lang='lat' dir='ltr'>sumpsit</span> <span class='ocrx_word' id='word_1_121' title='bbox 481 2390 641 2446; x_wconf 79' lang='lat' dir='ltr'>exordium.</span> <span class='ocrx_word' id='word_1_122' title='bbox 694 2421 696 2423; x_wconf 94' lang='lat'>·</span> <span class='ocrx_word' id='word_1_123' title='bbox 1021 2415 1022 2419; x_wconf 62' lang='lat'><em>=</em></span> <span class='ocrx_word' id='word_1_124' title='bbox 1395 2385 1541 2465; x_wconf 29' lang='lat' dir='ltr'>tionuofthc</span> 
     </span>
     <span class='ocr_line' id='line_1_16' title="bbox 291 2453 1549 2546; baseline -0.003 -15"><span class='ocrx_word' id='word_1_125' title='bbox 291 2462 309 2515; x_wconf 67' lang='lat' dir='ltr'>l</span> <span class='ocrx_word' id='word_1_126' title='bbox 372 2476 593 2531; x_wconf 62' lang='lat' dir='ltr'>numeramus</span> <span class='ocrx_word' id='word_1_127' title='bbox 604 2476 661 2530; x_wconf 72' lang='lat' dir='ltr'>ise</span> <span class='ocrx_word' id='word_1_128' title='bbox 679 2474 788 2531; x_wconf 69' lang='lat' dir='ltr'>serius</span> <span class='ocrx_word' id='word_1_129' title='bbox 806 2475 838 2529; x_wconf 78' lang='lat' dir='ltr'>sn</span> <span class='ocrx_word' id='word_1_130' title='bbox 854 2474 956 2530; x_wconf 75' lang='lat' dir='ltr'>mutu</span> <span class='ocrx_word' id='word_1_131' title='bbox 973 2472 1105 2546; x_wconf 72' lang='lat' dir='ltr'>pertibus</span> <span class='ocrx_word' id='word_1_132' title='bbox 1123 2473 1209 2545; x_wconf 80' lang='lat' dir='ltr'>regni</span> <span class='ocrx_word' id='word_1_133' title='bbox 1220 2472 1318 2546; x_wconf 82' lang='lat' dir='ltr'>hujus,</span> <span class='ocrx_word' id='word_1_134' title='bbox 1333 2472 1384 2528; x_wconf 68' lang='lat' dir='ltr'>see</span> <span class='ocrx_word' id='word_1_135' title='bbox 1396 2453 1508 2504; x_wconf 59' lang='lat' dir='ltr'>resen</span> <span class='ocrx_word' id='word_1_136' title='bbox 1519 2454 1549 2504; x_wconf 60' lang='grc' dir='ltr'>οἰ</span> 
     </span>
     <span class='ocr_line' id='line_1_17' title="bbox 338 2520 1501 2639; baseline -0.002 -24"><span class='ocrx_word' id='word_1_137' title='bbox 338 2560 458 2615; x_wconf 85' lang='lat' dir='ltr'>miseria</span> <span class='ocrx_word' id='word_1_138' title='bbox 481 2560 626 2632; x_wconf 90' lang='lat' dir='ltr'>copiosus,</span> <span class='ocrx_word' id='word_1_139' title='bbox 652 2560 723 2615; x_wconf 89' lang='lat' dir='ltr'>dum</span> <span class='ocrx_word' id='word_1_140' title='bbox 748 2558 898 2631; x_wconf 85' lang='lat' dir='ltr'>provincia</span> <span class='ocrx_word' id='word_1_141' title='bbox 917 2557 1164 2623; x_wconf 86' lang='lat' dir='ltr'>Nerthumbrana,</span> <span class='ocrx_word' id='word_1_142' title='bbox 1193 2576 1270 2613; x_wconf 91' lang='lat' dir='ltr'>nuno</span> <span class='ocrx_word' id='word_1_143' title='bbox 1289 2557 1384 2614; x_wconf 88' lang='lat' dir='ltr'>Scotis</span> <span class='ocrx_word' id='word_1_144' title='bbox 1397 2520 1501 2639; x_wconf 57' lang='lat' dir='ltr'>gffi</span> 
     </span>
     <span class='ocr_line' id='line_1_18' title="bbox 338 2643 1385 2716; baseline -0.004 -17"><span class='ocrx_word' id='word_1_145' title='bbox 338 2644 449 2707; x_wconf 85' lang='lat' dir='ltr'>attrita,</span> <span class='ocrx_word' id='word_1_146' title='bbox 474 2661 551 2698; x_wconf 86' lang='lat' dir='ltr'>nunc</span> <span class='ocrx_word' id='word_1_147' title='bbox 574 2644 760 2716; x_wconf 79' lang='lat' dir='ltr'>pradonibus</span> <span class='ocrx_word' id='word_1_148' title='bbox 785 2643 865 2700; x_wconf 89' lang='lat' dir='ltr'>illius</span> <span class='ocrx_word' id='word_1_149' title='bbox 891 2643 995 2715; x_wconf 85' lang='lat' dir='ltr'>patriae</span> <span class='ocrx_word' id='word_1_150' title='bbox 1019 2648 1185 2714; x_wconf 86' lang='lat' dir='ltr'>pauperata,</span> <span class='ocrx_word' id='word_1_151' title='bbox 1206 2643 1291 2714; x_wconf 82' lang='lat' dir='ltr'>quasi</span> <span class='ocrx_word' id='word_1_152' title='bbox 1308 2644 1385 2697; x_wconf 87' lang='lat' dir='ltr'>inter</span> 
     </span>
     <span class='ocr_line' id='line_1_19' title="bbox 339 2726 1384 2799; baseline -0.003 -14"><span class='ocrx_word' id='word_1_153' title='bbox 339 2727 474 2785; x_wconf 88' lang='lat' dir='ltr'>incudem</span> <span class='ocrx_word' id='word_1_154' title='bbox 500 2734 531 2784; x_wconf 89' lang='lat' dir='ltr'>et</span> <span class='ocrx_word' id='word_1_155' title='bbox 555 2728 694 2784; x_wconf 89' lang='lat' dir='ltr'>malleum</span> <span class='ocrx_word' id='word_1_156' title='bbox 712 2728 899 2794; x_wconf 89' lang='lat' dir='ltr'>versabatur;</span> <span class='ocrx_word' id='word_1_157' title='bbox 918 2727 1020 2799; x_wconf 74' lang='lat' dir='ltr'>&#39;Rege</span> <span class='ocrx_word' id='word_1_158' title='bbox 1038 2728 1181 2797; x_wconf 80' lang='lat' dir='ltr'>regnique</span> <span class='ocrx_word' id='word_1_159' title='bbox 1199 2726 1384 2799; x_wconf 82' lang='lat' dir='ltr'>magnatibus</span> 
     </span>
     <span class='ocr_line' id='line_1_20' title="bbox 339 2811 1385 2885; baseline -0.001 -18"><span class='ocrx_word' id='word_1_160' title='bbox 339 2812 458 2868; x_wconf 82' lang='lat' dir='ltr'>interim</span> <span class='ocrx_word' id='word_1_161' title='bbox 492 2812 653 2885; x_wconf 87' lang='lat' dir='ltr'>putibunde</span> <span class='ocrx_word' id='word_1_162' title='bbox 690 2812 878 2868; x_wconf 75' lang='lat' dir='ltr'>stertentibus</span> <span class='ocrx_word' id='word_1_163' title='bbox 909 2816 939 2867; x_wconf 90' lang='lat' dir='ltr'>et</span> <span class='ocrx_word' id='word_1_164' title='bbox 973 2811 1244 2868; x_wconf 87' lang='lat' dir='ltr'>⁴dissimulautibus</span> <span class='ocrx_word' id='word_1_165' title='bbox 1280 2812 1385 2868; x_wconf 86' lang='lat' dir='ltr'>damna</span> 
     </span>
     <span class='ocr_line' id='line_1_21' title="bbox 339 2914 468 2953; baseline -0.008 0"><span class='ocrx_word' id='word_1_166' title='bbox 339 2914 468 2953; x_wconf 86' lang='lat' dir='ltr'>suorum.</span> 
     </span>
     <span class='ocr_line' id='line_1_22' title="bbox 374 2980 1386 3054; baseline 0.001 -18"><span class='ocrx_word' id='word_1_167' title='bbox 374 2980 460 3036; x_wconf 80' lang='lat' dir='ltr'>Anno</span> <span class='ocrx_word' id='word_1_168' title='bbox 478 2983 581 3051; x_wconf 74' lang='lat' dir='ltr'>gratim</span> <span class='ocrx_word' id='word_1_169' title='bbox 598 2981 755 3037; x_wconf 89' lang='lat' dir='ltr'>millesimo</span> <span class='ocrx_word' id='word_1_170' title='bbox 766 2980 970 3036; x_wconf 90' lang='lat' dir='ltr'>trecentesimo</span> <span class='ocrx_word' id='word_1_171' title='bbox 982 2980 1094 3035; x_wconf 89' lang='lat' dir='ltr'>decimo</span> <span class='ocrx_word' id='word_1_172' title='bbox 1111 2980 1263 3053; x_wconf 69' lang='lat' dir='ltr'>‘septima</span> <span class='ocrx_word' id='word_1_173' title='bbox 1278 2983 1329 3054; x_wconf 88' lang='lat' dir='ltr'>qui</span> <span class='ocrx_word' id='word_1_174' title='bbox 1341 2987 1386 3037; x_wconf 93' lang='lat' dir='ltr'>est</span> 
     </span>
     <span class='ocr_line' id='line_1_23' title="bbox 340 3064 1384 3136; baseline 0.001 -16"><span class='ocrx_word' id='word_1_175' title='bbox 340 3082 432 3120; x_wconf 85' lang='lat' dir='ltr'>annue</span> <span class='ocrx_word' id='word_1_176' title='bbox 449 3068 534 3136; x_wconf 87' lang='lat' dir='ltr'>regni</span> <span class='ocrx_word' id='word_1_177' title='bbox 553 3066 644 3136; x_wconf 85' lang='lat' dir='ltr'>Regis</span> <span class='ocrx_word' id='word_1_178' title='bbox 663 3065 808 3130; x_wconf 84' lang='lat' dir='ltr'>Rdwardi,</span> <span class='ocrx_word' id='word_1_179' title='bbox 823 3083 841 3120; x_wconf 92' lang='lat' dir='ltr'>a</span> <span class='ocrx_word' id='word_1_180' title='bbox 852 3064 1030 3136; x_wconf 82' lang='lat' dir='ltr'>Gonquaestu</span> <span class='ocrx_word' id='word_1_181' title='bbox 1049 3064 1184 3129; x_wconf 86' lang='lat' dir='ltr'>Secundi,</span> <span class='ocrx_word' id='word_1_182' title='bbox 1204 3065 1384 3131; x_wconf 88' lang='lat' dir='ltr'>undecimus,</span> 
     </span>
     <span class='ocr_line' id='line_1_24' title="bbox 290 3148 1385 3222; baseline -0.005 -12"><span class='ocrx_word' id='word_1_183' title='bbox 290 3160 327 3210; x_wconf 73' lang='lat' dir='ltr'>st,</span> <span class='ocrx_word' id='word_1_184' title='bbox 339 3150 435 3206; x_wconf 85' lang='lat' dir='ltr'>tenuit</span> <span class='ocrx_word' id='word_1_185' title='bbox 452 3148 515 3204; x_wconf 86' lang='lat' dir='ltr'>Rex</span> <span class='ocrx_word' id='word_1_186' title='bbox 532 3150 638 3205; x_wconf 88' lang='lat' dir='ltr'>Natale</span> <span class='ocrx_word' id='word_1_187' title='bbox 657 3150 734 3222; x_wconf 86' lang='lat' dir='ltr'>apud</span> <span class='ocrx_word' id='word_1_188' title='bbox 751 3150 1062 3215; x_wconf 67' lang='lat' dir='ltr'>westmonasterium</span> <span class='ocrx_word' id='word_1_189' title='bbox 1082 3149 1130 3204; x_wconf 90' lang='lat' dir='ltr'>cui</span> <span class='ocrx_word' id='word_1_190' title='bbox 1147 3150 1231 3220; x_wconf 85' lang='lat' dir='ltr'>pauci</span> <span class='ocrx_word' id='word_1_191' title='bbox 1250 3149 1285 3204; x_wconf 90' lang='lat' dir='ltr'>de</span> <span class='ocrx_word' id='word_1_192' title='bbox 1303 3169 1385 3221; x_wconf 87' lang='lat' dir='ltr'>mag·</span> 
     </span>
     <span class='ocr_line' id='line_1_25' title="bbox 340 3233 1385 3306; baseline -0.002 -15"><span class='ocrx_word' id='word_1_193' title='bbox 340 3236 457 3291; x_wconf 86' lang='lat' dir='ltr'>natibus</span> <span class='ocrx_word' id='word_1_194' title='bbox 481 3235 685 3299; x_wconf 86' lang='lat' dir='ltr'>interfuerunt,</span> <span class='ocrx_word' id='word_1_195' title='bbox 710 3241 830 3306; x_wconf 89' lang='lat' dir='ltr'>propter</span> <span class='ocrx_word' id='word_1_196' title='bbox 853 3233 1030 3289; x_wconf 88' lang='lat' dir='ltr'>discordium</span> <span class='ocrx_word' id='word_1_197' title='bbox 1053 3239 1161 3288; x_wconf 86' lang='lat' dir='ltr'>motam</span> <span class='ocrx_word' id='word_1_198' title='bbox 1179 3235 1255 3289; x_wconf 85' lang='lat' dir='ltr'>inter</span> <span class='ocrx_word' id='word_1_199' title='bbox 1273 3234 1385 3305; x_wconf 81' lang='lat' dir='ltr'>Regem</span> 
     </span>
     <span class='ocr_line' id='line_1_26' title="bbox 291 3311 1385 3390; baseline -0.002 -15"><span class='ocrx_word' id='word_1_200' title='bbox 291 3311 328 3354; x_wconf 48' lang='lat'>*¹2</span> <span class='ocrx_word' id='word_1_201' title='bbox 341 3325 373 3375; x_wconf 87' lang='lat' dir='ltr'>et</span> <span class='ocrx_word' id='word_1_202' title='bbox 397 3335 542 3390; x_wconf 84' lang='lat' dir='ltr'>proceres,</span> <span class='ocrx_word' id='word_1_203' title='bbox 571 3335 605 3373; x_wconf 93' lang='lat' dir='ltr'>eo</span> <span class='ocrx_word' id='word_1_204' title='bbox 632 3318 709 3389; x_wconf 87' lang='lat' dir='ltr'>quod</span> <span class='ocrx_word' id='word_1_205' title='bbox 734 3319 841 3373; x_wconf 82' lang='lat' dir='ltr'>totiens</span> <span class='ocrx_word' id='word_1_206' title='bbox 865 3317 1015 3373; x_wconf 74' lang='lat' dir='ltr'>Articmos</span> <span class='ocrx_word' id='word_1_207' title='bbox 1041 3317 1147 3388; x_wconf 84' lang='lat' dir='ltr'>petitos</span> <span class='ocrx_word' id='word_1_208' title='bbox 1173 3324 1203 3372; x_wconf 91' lang='lat' dir='ltr'>et</span> <span class='ocrx_word' id='word_1_209' title='bbox 1229 3319 1385 3389; x_wconf 87' lang='lat' dir='ltr'>promissos</span> 
     </span>
     <span class='ocr_line' id='line_1_27' title="bbox 290 3401 1524 3473; baseline -0.001 -15"><span class='ocrx_word' id='word_1_210' title='bbox 290 3419 329 3466; x_wconf 69' lang='lat' dir='ltr'>ne,</span> <span class='ocrx_word' id='word_1_211' title='bbox 341 3403 436 3459; x_wconf 92' lang='lat' dir='ltr'>noluit</span> <span class='ocrx_word' id='word_1_212' title='bbox 453 3403 610 3458; x_wconf 82' lang='lat' dir='ltr'>observari.</span> <span class='ocrx_word' id='word_1_213' title='bbox 647 3402 706 3458; x_wconf 88' lang='lat' dir='ltr'>Sed</span> <span class='ocrx_word' id='word_1_214' title='bbox 732 3403 802 3473; x_wconf 90' lang='lat' dir='ltr'>quia</span> <span class='ocrx_word' id='word_1_215' title='bbox 824 3418 948 3471; x_wconf 91' lang='lat' dir='ltr'>regnum</span> <span class='ocrx_word' id='word_1_216' title='bbox 966 3419 1019 3473; x_wconf 90' lang='lat' dir='ltr'>per</span> <span class='ocrx_word' id='word_1_217' title='bbox 1038 3401 1189 3457; x_wconf 83' lang='lat' dir='ltr'>Scotorum</span> <span class='ocrx_word' id='word_1_218' title='bbox 1208 3403 1386 3473; x_wconf 87' lang='lat' dir='ltr'>irruptiones</span> <span class='ocrx_word' id='word_1_219' title='bbox 1398 3418 1524 3470; x_wconf 57' lang='lat' dir='ltr'>Remea</span> 
     </span>
     <span class='ocr_line' id='line_1_28' title="bbox 340 3485 1512 3558; baseline -0.002 -16"><span class='ocrx_word' id='word_1_220' title='bbox 340 3487 372 3542; x_wconf 90' lang='lat' dir='ltr'>in</span> <span class='ocrx_word' id='word_1_221' title='bbox 398 3485 503 3557; x_wconf 88' lang='lat' dir='ltr'>grandi</span> <span class='ocrx_word' id='word_1_222' title='bbox 530 3486 586 3542; x_wconf 80' lang='lat' dir='ltr'>ruit</span> <span class='ocrx_word' id='word_1_223' title='bbox 610 3485 740 3557; x_wconf 90' lang='lat' dir='ltr'>periculo</span> <span class='ocrx_word' id='word_1_224' title='bbox 767 3485 966 3549; x_wconf 88' lang='lat' dir='ltr'>constitutum,</span> <span class='ocrx_word' id='word_1_225' title='bbox 995 3502 1098 3556; x_wconf 89' lang='lat' dir='ltr'>nempe</span> <span class='ocrx_word' id='word_1_226' title='bbox 1124 3485 1204 3541; x_wconf 89' lang='lat' dir='ltr'>Scoti</span> <span class='ocrx_word' id='word_1_227' title='bbox 1229 3504 1322 3558; x_wconf 88' lang='lat' dir='ltr'>usque</span> <span class='ocrx_word' id='word_1_228' title='bbox 1349 3487 1386 3541; x_wconf 92' lang='lat' dir='ltr'>ad</span> <span class='ocrx_word' id='word_1_229' title='bbox 1399 3486 1512 3550; x_wconf 75' lang='lat' dir='ltr'>negotiu-</span> 
     </span>
     <span class='ocr_line' id='line_1_29' title="bbox 290 3537 1516 3643; baseline 0 -18"><span class='ocrx_word' id='word_1_230' title='bbox 290 3537 312 3589; x_wconf 52' lang='grc' dir='ltr'>Ι·</span> <span class='ocrx_word' id='word_1_231' title='bbox 340 3570 504 3625; x_wconf 73' lang='lat' dir='ltr'>Eboracum</span> <span class='ocrx_word' id='word_1_232' title='bbox 522 3587 558 3624; x_wconf 86' lang='lat' dir='ltr'>er</span> <span class='ocrx_word' id='word_1_233' title='bbox 575 3587 634 3624; x_wconf 87' lang='lat' dir='ltr'>una</span> <span class='ocrx_word' id='word_1_234' title='bbox 645 3576 737 3641; x_wconf 91' lang='lat' dir='ltr'>parte,</span> <span class='ocrx_word' id='word_1_235' title='bbox 752 3576 781 3625; x_wconf 93' lang='lat' dir='ltr'>et</span> <span class='ocrx_word' id='word_1_236' title='bbox 793 3586 885 3641; x_wconf 89' lang='lat' dir='ltr'>usque</span> <span class='ocrx_word' id='word_1_237' title='bbox 897 3569 935 3624; x_wconf 88' lang='lat' dir='ltr'>ad</span> <span class='ocrx_word' id='word_1_238' title='bbox 947 3569 1146 3625; x_wconf 87' lang='lat' dir='ltr'>Lancastriam</span> <span class='ocrx_word' id='word_1_239' title='bbox 1164 3587 1200 3625; x_wconf 83' lang='lat' dir='ltr'>ex</span> <span class='ocrx_word' id='word_1_240' title='bbox 1217 3570 1276 3625; x_wconf 89' lang='lat' dir='ltr'>alia</span> <span class='ocrx_word' id='word_1_241' title='bbox 1292 3578 1384 3643; x_wconf 88' lang='lat' dir='ltr'>parte,</span> <span class='ocrx_word' id='word_1_242' title='bbox 1398 3553 1466 3603; x_wconf 71' lang='lat' dir='ltr'>tione</span> <span class='ocrx_word' id='word_1_243' title='bbox 1477 3553 1516 3603; x_wconf 67' lang='lat' dir='ltr'>s⁰¹</span> 
     </span>
     <span class='ocr_line' id='line_1_30' title="bbox 340 3621 1534 3737; baseline 0.001 -28"><span class='ocrx_word' id='word_1_244' title='bbox 340 3654 544 3718; x_wconf 89' lang='lat' dir='ltr'>comburendo,</span> <span class='ocrx_word' id='word_1_245' title='bbox 558 3653 707 3718; x_wconf 86' lang='lat' dir='ltr'>vastando,</span> <span class='ocrx_word' id='word_1_246' title='bbox 722 3653 885 3725; x_wconf 76' lang='lat' dir='ltr'>praedando,</span> <span class='ocrx_word' id='word_1_247' title='bbox 899 3653 981 3708; x_wconf 91' lang='lat' dir='ltr'>nullo</span> <span class='ocrx_word' id='word_1_248' title='bbox 998 3654 1161 3719; x_wconf 87' lang='lat' dir='ltr'>resistente,</span> <span class='ocrx_word' id='word_1_249' title='bbox 1175 3660 1384 3726; x_wconf 81' lang='lat' dir='ltr'>pervenerant3</span> <span class='ocrx_word' id='word_1_250' title='bbox 1398 3621 1534 3737; x_wconf 48' lang='grc' dir='ltr'>ζξῐδζθ</span> 
     </span>
     <span class='ocr_line' id='line_1_31' title="bbox 340 3737 1533 3817; baseline 0.003 -24"><span class='ocrx_word' id='word_1_251' title='bbox 340 3737 459 3794; x_wconf 70' lang='lat' dir='ltr'>Praelati</span> <span class='ocrx_word' id='word_1_252' title='bbox 471 3738 566 3808; x_wconf 86' lang='lat' dir='ltr'>regui,</span> <span class='ocrx_word' id='word_1_253' title='bbox 580 3739 681 3793; x_wconf 87' lang='lat' dir='ltr'>accitis</span> <span class='ocrx_word' id='word_1_254' title='bbox 694 3739 750 3793; x_wconf 89' lang='lat' dir='ltr'>sibi</span> <span class='ocrx_word' id='word_1_255' title='bbox 763 3737 977 3802; x_wconf 75' lang='lat' dir='ltr'>cardinalibus,</span> <span class='ocrx_word' id='word_1_256' title='bbox 986 3737 1099 3810; x_wconf 83' lang='lat' dir='ltr'>Regem</span> <span class='ocrx_word' id='word_1_257' title='bbox 1110 3738 1227 3804; x_wconf 89' lang='lat' dir='ltr'>adeunt,</span> <span class='ocrx_word' id='word_1_258' title='bbox 1240 3741 1387 3812; x_wconf 82' lang='lat' dir='ltr'>precaturi</span> <span class='ocrx_word' id='word_1_259' title='bbox 1400 3752 1470 3817; x_wconf 80' lang='lat' dir='ltr'>Ktng</span> <span class='ocrx_word' id='word_1_260' title='bbox 1481 3755 1533 3803; x_wconf 77' lang='lat' dir='ltr'>and</span> 
     </span>
     <span class='ocr_line' id='line_1_32' title="bbox 342 3819 1545 3897; baseline 0.002 -20"><span class='ocrx_word' id='word_1_261' title='bbox 342 3829 483 3894; x_wconf 87' lang='lat' dir='ltr'>quatenus</span> <span class='ocrx_word' id='word_1_262' title='bbox 502 3821 660 3886; x_wconf 86' lang='lat' dir='ltr'>Articulos,</span> <span class='ocrx_word' id='word_1_263' title='bbox 680 3823 787 3878; x_wconf 88' lang='lat' dir='ltr'>totiens</span> <span class='ocrx_word' id='word_1_264' title='bbox 806 3823 947 3894; x_wconf 89' lang='lat' dir='ltr'>expetitos</span> <span class='ocrx_word' id='word_1_265' title='bbox 965 3822 1129 3894; x_wconf 90' lang='lat' dir='ltr'>totiensque</span> <span class='ocrx_word' id='word_1_266' title='bbox 1147 3825 1315 3895; x_wconf 87' lang='lat' dir='ltr'>promissos,</span> <span class='ocrx_word' id='word_1_267' title='bbox 1335 3844 1388 3897; x_wconf 88' lang='lat' dir='ltr'>pro</span> <span class='ocrx_word' id='word_1_268' title='bbox 1401 3819 1545 3871; x_wconf 66' lang='lat' dir='ltr'>th⁰1¹0bltt</span> 
     </span>
     <span class='ocr_line' id='line_1_33' title="bbox 342 3906 1388 3978; baseline 0.003 -15"><span class='ocrx_word' id='word_1_269' title='bbox 342 3913 419 3963; x_wconf 83' lang='lat' dir='ltr'>statu</span> <span class='ocrx_word' id='word_1_270' title='bbox 437 3907 523 3978; x_wconf 87' lang='lat' dir='ltr'>regni</span> <span class='ocrx_word' id='word_1_271' title='bbox 541 3914 572 3961; x_wconf 88' lang='lat' dir='ltr'>et</span> <span class='ocrx_word' id='word_1_272' title='bbox 588 3906 728 3961; x_wconf 76' lang='lat' dir='ltr'>Ecclesia</span> <span class='ocrx_word' id='word_1_273' title='bbox 746 3906 822 3961; x_wconf 92' lang='lat' dir='ltr'>bona</span> <span class='ocrx_word' id='word_1_274' title='bbox 839 3907 895 3961; x_wconf 90' lang='lat' dir='ltr'>fide</span> <span class='ocrx_word' id='word_1_275' title='bbox 913 3907 1105 3972; x_wconf 86' lang='lat' dir='ltr'>confirmaret,</span> <span class='ocrx_word' id='word_1_276' title='bbox 1126 3915 1156 3964; x_wconf 90' lang='lat' dir='ltr'>et</span> <span class='ocrx_word' id='word_1_277' title='bbox 1175 3927 1232 3965; x_wconf 90' lang='lat' dir='ltr'>usu</span> <span class='ocrx_word' id='word_1_278' title='bbox 1255 3910 1303 3965; x_wconf 87' lang='lat' dir='ltr'>vel</span> <span class='ocrx_word' id='word_1_279' title='bbox 1321 3917 1388 3966; x_wconf 90' lang='lat' dir='ltr'>actu</span> 
     </span>
     <span class='ocr_line' id='line_1_34' title="bbox 342 3990 1387 4066; baseline 0.003 -19"><span class='ocrx_word' id='word_1_280' title='bbox 342 3990 461 4047; x_wconf 86' lang='lat' dir='ltr'>stabiles</span> <span class='ocrx_word' id='word_1_281' title='bbox 474 4008 537 4045; x_wconf 87' lang='lat' dir='ltr'>esee</span> <span class='ocrx_word' id='word_1_282' title='bbox 549 3992 740 4062; x_wconf 87' lang='lat' dir='ltr'>permitteret,</span> <span class='ocrx_word' id='word_1_283' title='bbox 754 4007 790 4045; x_wconf 90' lang='lat' dir='ltr'>ne</span> <span class='ocrx_word' id='word_1_284' title='bbox 809 3990 864 4045; x_wconf 94' lang='lat' dir='ltr'>sibi</span> <span class='ocrx_word' id='word_1_285' title='bbox 880 4008 1029 4063; x_wconf 87' lang='lat' dir='ltr'>regnoque</span> <span class='ocrx_word' id='word_1_286' title='bbox 1041 4010 1094 4048; x_wconf 88' lang='lat' dir='ltr'>suo</span> <span class='ocrx_word' id='word_1_287' title='bbox 1107 3991 1213 4064; x_wconf 74' lang='lat' dir='ltr'>‘grave</span> <span class='ocrx_word' id='word_1_288' title='bbox 1226 3994 1387 4066; x_wconf 88' lang='lat' dir='ltr'>periculum</span> 
     </span>
     <span class='ocr_line' id='line_1_35' title="bbox 343 4074 1385 4147; baseline 0.002 -17"><span class='ocrx_word' id='word_1_289' title='bbox 343 4076 480 4131; x_wconf 83' lang='lat' dir='ltr'>eveniret.</span> <span class='ocrx_word' id='word_1_290' title='bbox 528 4074 591 4129; x_wconf 83' lang='lat' dir='ltr'>Rex</span> <span class='ocrx_word' id='word_1_291' title='bbox 626 4075 782 4130; x_wconf 88' lang='lat' dir='ltr'>inclinatus</span> <span class='ocrx_word' id='word_1_292' title='bbox 817 4075 978 4131; x_wconf 90' lang='lat' dir='ltr'>humilibus</span> <span class='ocrx_word' id='word_1_293' title='bbox 1012 4077 1149 4147; x_wconf 88' lang='lat' dir='ltr'>precibus</span> <span class='ocrx_word' id='word_1_294' title='bbox 1185 4079 1385 4140; x_wconf 83' lang='lat' dir='ltr'>Praelatorum,</span> 
     </span>
     <span class='ocr_line' id='line_1_36' title="bbox 344 4158 1386 4234; baseline 0.002 -20"><span class='ocrx_word' id='word_1_295' title='bbox 344 4159 430 4215; x_wconf 88' lang='lat' dir='ltr'>simul</span> <span class='ocrx_word' id='word_1_296' title='bbox 453 4166 485 4216; x_wconf 90' lang='lat' dir='ltr'>et</span> <span class='ocrx_word' id='word_1_297' title='bbox 502 4158 709 4222; x_wconf 86' lang='lat' dir='ltr'>Cardinalium,</span> <span class='ocrx_word' id='word_1_298' title='bbox 730 4159 806 4214; x_wconf 89' lang='lat' dir='ltr'>diem</span> <span class='ocrx_word' id='word_1_299' title='bbox 831 4160 934 4215; x_wconf 91' lang='lat' dir='ltr'>statuit</span> <span class='ocrx_word' id='word_1_300' title='bbox 959 4159 1058 4215; x_wconf 88' lang='lat' dir='ltr'>Sancti</span> <span class='ocrx_word' id='word_1_301' title='bbox 1077 4160 1218 4217; x_wconf 85' lang='lat' dir='ltr'>Johannis</span> <span class='ocrx_word' id='word_1_302' title='bbox 1237 4162 1386 4234; x_wconf 71' lang='lat' dir='ltr'>Baptistae,</span> 
     </span>
    </p>
   </div>
   <div class='ocr_carea' id='block_1_3' title="bbox 344 4243 1386 4316">
    <p class='ocr_par' dir='ltr' id='par_1_3' title="bbox 344 4243 1386 4316">
     <span class='ocr_line' id='line_1_37' title="bbox 344 4243 1386 4316; baseline 0 -17"><span class='ocrx_word' id='word_1_303' title='bbox 344 4243 458 4316; x_wconf 86' lang='lat' dir='ltr'>quaudo</span> <span class='ocrx_word' id='word_1_304' title='bbox 482 4243 668 4315; x_wconf 89' lang='lat' dir='ltr'>cougregatis</span> <span class='ocrx_word' id='word_1_305' title='bbox 693 4243 869 4315; x_wconf 74' lang='lat' dir='ltr'>Ireycestriae</span> <span class='ocrx_word' id='word_1_306' title='bbox 894 4250 955 4299; x_wconf 89' lang='lat' dir='ltr'>tam</span> <span class='ocrx_word' id='word_1_307' title='bbox 984 4243 1062 4300; x_wconf 87' lang='lat' dir='ltr'>clero</span> <span class='ocrx_word' id='word_1_308' title='bbox 1093 4262 1180 4316; x_wconf 89' lang='lat' dir='ltr'>quam</span> <span class='ocrx_word' id='word_1_309' title='bbox 1210 4245 1386 4316; x_wconf 87' lang='lat' dir='ltr'>proceribus,</span> 
     </span>
    </p>
   </div>
   <div class='ocr_carea' id='block_1_4' title="bbox 351 4417 1390 4428">
    <p class='ocr_par' dir='ltr' id='par_1_4' title="bbox 351 4417 1390 4428">
     <span class='ocr_line' id='line_1_38' title="bbox 351 4417 1390 4428; baseline -0.003 -2"><span class='ocrx_word' id='word_1_310' title='bbox 351 4418 510 4426; x_wconf 68' lang='lat'>-—.--—</span> <span class='ocrx_word' id='word_1_311' title='bbox 834 4417 960 4425; x_wconf 73' lang='lat'>—-—</span> <span class='ocrx_word' id='word_1_312' title='bbox 1350 4421 1390 4428; x_wconf 69' lang='lat'>-„</span> 
     </span>
    </p>
   </div>
   <div class='ocr_carea' id='block_1_5' title="bbox 345 4531 1390 5074">
    <p class='ocr_par' dir='ltr' id='par_1_5' title="bbox 345 4531 1390 4914">
     <span class='ocr_line' id='line_1_39' title="bbox 377 4531 1389 4598; baseline 0.001 -15"><span class='ocrx_word' id='word_1_313' title='bbox 377 4534 384 4564; x_wconf 87' lang='lat'><strong>¹</strong></span> <span class='ocrx_word' id='word_1_314' title='bbox 398 4532 454 4584; x_wconf 85' lang='lat' dir='ltr'>The</span> <span class='ocrx_word' id='word_1_315' title='bbox 466 4532 542 4583; x_wconf 85' lang='lat' dir='ltr'>latter</span> <span class='ocrx_word' id='word_1_316' title='bbox 551 4541 608 4597; x_wconf 85' lang='lat' dir='ltr'>part</span> <span class='ocrx_word' id='word_1_317' title='bbox 619 4531 706 4584; x_wconf 81' lang='lat' dir='ltr'>ofthie</span> <span class='ocrx_word' id='word_1_318' title='bbox 716 4532 843 4583; x_wconf 82' lang='lat' dir='ltr'>narrative</span> <span class='ocrx_word' id='word_1_319' title='bbox 923 4535 933 4563; x_wconf 82' lang='lat'><strong>¹</strong></span> <span class='ocrx_word' id='word_1_320' title='bbox 945 4531 1008 4597; x_wconf 71' lang='lat' dir='ltr'>Regi</span> <span class='ocrx_word' id='word_1_321' title='bbox 1019 4532 1046 4582; x_wconf 92' lang='lat' dir='ltr'>in</span> <span class='ocrx_word' id='word_1_322' title='bbox 1061 4532 1131 4598; x_wconf 72' lang='lat' dir='ltr'>orig,</span> <span class='ocrx_word' id='word_1_323' title='bbox 1142 4531 1198 4584; x_wconf 87' lang='lat' dir='ltr'>MS.</span> <span class='ocrx_word' id='word_1_324' title='bbox 1207 4531 1275 4584; x_wconf 88' lang='lat' dir='ltr'>Bibl.</span> <span class='ocrx_word' id='word_1_325' title='bbox 1284 4532 1347 4598; x_wconf 87' lang='lat' dir='ltr'>Reg.</span> <span class='ocrx_word' id='word_1_326' title='bbox 1359 4540 1389 4584; x_wconf 85' lang='grc'>13</span> 
     </span>
     <span class='ocr_line' id='line_1_40' title="bbox 345 4610 1287 4676; baseline 0.002 -14"><span class='ocrx_word' id='word_1_327' title='bbox 345 4612 426 4663; x_wconf 79' lang='lat' dir='ltr'>ruriee</span> <span class='ocrx_word' id='word_1_328' title='bbox 450 4612 514 4662; x_wconf 74' lang='lat' dir='ltr'>tom</span> <span class='ocrx_word' id='word_1_329' title='bbox 542 4613 596 4662; x_wconf 86' lang='lat' dir='ltr'>that</span> <span class='ocrx_word' id='word_1_330' title='bbox 624 4611 655 4661; x_wconf 83' lang='lat' dir='ltr'>oi</span> <span class='ocrx_word' id='word_1_331' title='bbox 678 4610 844 4671; x_wconf 72' lang='lat' dir='ltr'>Trokelove3</span> <span class='ocrx_word' id='word_1_332' title='bbox 892 4612 976 4672; x_wconf 72' lang='lat' dir='ltr'>Eix,</span> <span class='ocrx_word' id='word_1_333' title='bbox 987 4613 1038 4662; x_wconf 85' lang='lat' dir='ltr'>sud</span> <span class='ocrx_word' id='word_1_334' title='bbox 1049 4611 1092 4662; x_wconf 85' lang='lat' dir='ltr'>the</span> <span class='ocrx_word' id='word_1_335' title='bbox 1103 4611 1201 4676; x_wconf 87' lang='lat' dir='ltr'>printed</span> <span class='ocrx_word' id='word_1_336' title='bbox 1212 4620 1287 4664; x_wconf 84' lang='lat' dir='ltr'>texte.</span> 
     </span>
     <span class='ocr_line' id='line_1_41' title="bbox 346 4689 1390 4761; baseline 0.009 -22"><span class='ocrx_word' id='word_1_337' title='bbox 346 4690 427 4741; x_wconf 76' lang='lat' dir='ltr'>which</span> <span class='ocrx_word' id='word_1_338' title='bbox 439 4690 461 4739; x_wconf 87' lang='lat' dir='ltr'>is</span> <span class='ocrx_word' id='word_1_339' title='bbox 473 4690 548 4740; x_wconf 88' lang='lat' dir='ltr'>much</span> <span class='ocrx_word' id='word_1_340' title='bbox 560 4691 643 4749; x_wconf 79' lang='lat' dir='ltr'>fuller,</span> <span class='ocrx_word' id='word_1_341' title='bbox 651 4690 748 4756; x_wconf 88' lang='lat' dir='ltr'>though</span> <span class='ocrx_word' id='word_1_342' title='bbox 756 4690 844 4740; x_wconf 88' lang='lat' dir='ltr'>itdoes</span> <span class='ocrx_word' id='word_1_343' title='bbox 923 4689 1113 4741; x_wconf 68' lang='lat' dir='ltr'>*simulantibus</span> <span class='ocrx_word' id='word_1_344' title='bbox 1148 4692 1176 4742; x_wconf 87' lang='lat' dir='ltr'>iu</span> <span class='ocrx_word' id='word_1_345' title='bbox 1214 4691 1257 4743; x_wconf 86' lang='lat' dir='ltr'>the</span> <span class='ocrx_word' id='word_1_346' title='bbox 1290 4695 1390 4761; x_wconf 73' lang='lat' dir='ltr'>printed</span> 
     </span>
     <span class='ocr_line' id='line_1_42' title="bbox 346 4769 966 4821; baseline 0.005 -3"><span class='ocrx_word' id='word_1_347' title='bbox 346 4776 390 4818; x_wconf 88' lang='lat' dir='ltr'>not</span> <span class='ocrx_word' id='word_1_348' title='bbox 407 4778 471 4819; x_wconf 80' lang='lat' dir='ltr'>state</span> <span class='ocrx_word' id='word_1_349' title='bbox 489 4770 544 4818; x_wconf 83' lang='lat' dir='ltr'>that</span> <span class='ocrx_word' id='word_1_350' title='bbox 563 4770 606 4819; x_wconf 85' lang='lat' dir='ltr'>the</span> <span class='ocrx_word' id='word_1_351' title='bbox 624 4769 757 4820; x_wconf 80' lang='lat' dir='ltr'>cardinale</span> <span class='ocrx_word' id='word_1_352' title='bbox 780 4784 844 4820; x_wconf 78' lang='lat' dir='ltr'>were</span> <span class='ocrx_word' id='word_1_353' title='bbox 891 4778 966 4821; x_wconf 85' lang='lat' dir='ltr'>texts.</span> 
     </span>
     <span class='ocr_line' id='line_1_43' title="bbox 346 4847 1315 4914; baseline 0.005 -16"><span class='ocrx_word' id='word_1_354' title='bbox 346 4856 444 4912; x_wconf 82' lang='lat' dir='ltr'>present</span> <span class='ocrx_word' id='word_1_355' title='bbox 455 4856 481 4898; x_wconf 85' lang='lat' dir='ltr'>at</span> <span class='ocrx_word' id='word_1_356' title='bbox 492 4847 655 4899; x_wconf 81' lang='lat' dir='ltr'>Middleton&#39;s</span> <span class='ocrx_word' id='word_1_357' title='bbox 665 4849 805 4900; x_wconf 80' lang='lat' dir='ltr'>execution.</span> <span class='ocrx_word' id='word_1_358' title='bbox 924 4850 1067 4900; x_wconf 74' lang='lat' dir='ltr'>&#39;octavoiu</span> <span class='ocrx_word' id='word_1_359' title='bbox 1079 4849 1122 4900; x_wconf 84' lang='lat' dir='ltr'>the</span> <span class='ocrx_word' id='word_1_360' title='bbox 1130 4850 1230 4914; x_wconf 78' lang='lat' dir='ltr'>printed</span> <span class='ocrx_word' id='word_1_361' title='bbox 1240 4859 1315 4903; x_wconf 80' lang='lat' dir='ltr'>texte.</span> 
     </span>
    </p>

    <p class='ocr_par' dir='ltr' id='par_1_6' title="bbox 346 4926 1390 5074">
     <span class='ocr_line' id='line_1_44' title="bbox 376 4926 1390 4994; baseline 0.008 -20"><span class='ocrx_word' id='word_1_362' title='bbox 376 4927 513 4988; x_wconf 81' lang='lat' dir='ltr'>²Quortur</span> <span class='ocrx_word' id='word_1_363' title='bbox 534 4927 561 4976; x_wconf 86' lang='lat' dir='ltr'>in</span> <span class='ocrx_word' id='word_1_364' title='bbox 578 4927 654 4991; x_wconf 90' lang='lat' dir='ltr'>orig.;</span> <span class='ocrx_word' id='word_1_365' title='bbox 677 4929 711 4990; x_wconf 81' lang='lat' dir='ltr'>by</span> <span class='ocrx_word' id='word_1_366' title='bbox 729 4926 844 4978; x_wconf 75' lang='lat' dir='ltr'>inadver·</span> <span class='ocrx_word' id='word_1_367' title='bbox 925 4930 935 4957; x_wconf 80' lang='lat'>⁸</span> <span class='ocrx_word' id='word_1_368' title='bbox 944 4930 1028 4993; x_wconf 59' lang='lat' dir='ltr'>pecie</span> <span class='ocrx_word' id='word_1_369' title='bbox 1042 4928 1069 4979; x_wconf 91' lang='lat' dir='ltr'>iu</span> <span class='ocrx_word' id='word_1_370' title='bbox 1088 4929 1165 4994; x_wconf 88' lang='lat' dir='ltr'>orig.;</span> <span class='ocrx_word' id='word_1_371' title='bbox 1183 4934 1310 4984; x_wconf 81' lang='lat' dir='ltr'>corrected</span> <span class='ocrx_word' id='word_1_372' title='bbox 1325 4931 1390 4983; x_wconf 79' lang='lat' dir='ltr'>from</span> 
     </span>
     <span class='ocr_line' id='line_1_45' title="bbox 346 5008 1131 5074; baseline 0 -16"><span class='ocrx_word' id='word_1_373' title='bbox 346 5013 423 5058; x_wconf 64' lang='lat' dir='ltr'>unce.</span> <span class='ocrx_word' id='word_1_374' title='bbox 892 5008 935 5059; x_wconf 85' lang='lat' dir='ltr'>the</span> <span class='ocrx_word' id='word_1_375' title='bbox 947 5008 1047 5074; x_wconf 85' lang='lat' dir='ltr'>printed</span> <span class='ocrx_word' id='word_1_376' title='bbox 1058 5015 1131 5062; x_wconf 84' lang='lat' dir='ltr'>texts.</span> 
     </span>
    </p>
   </div>
   <div class='ocr_carea' id='block_1_6' title="bbox 0 0 1903 6244">
    <p class='ocr_par' dir='ltr' id='par_1_7' title="bbox 0 0 1903 6244">
     <span class='ocr_line' id='line_1_46' title="bbox 0 0 1903 6244; baseline 0 0"><span class='ocrx_word' id='word_1_377' title='bbox 0 0 1903 6244; x_wconf 95' lang='lat' dir='ltr'> </span> 
     </span>
    </p>
   </div>
  </div>
 </body>
</html>
