3750 6250
708 1090 1097 1147 ursronmauemcsus.
1380 1084 1423 1148 45

297 1289 362 1341 tzor·
415 1280 526 1336 Eodem
552 1297 634 1346 enno,
662 1280 740 1336 circo
763 1283 870 1337 festum
897 1282 996 1341 Sancti
1014 1284 1177 1348 Michaelis,
1196 1283 1344 1348 ⁴dlicuom,
1370 1283 1430 1339 filia
1485 1294 1555 1350 ΑΛ),

296 1341 344 1393 ffl·
381 1363 472 1435 Regis
490 1364 616 1435 Anglioe,
642 1365 720 1436 apud
739 1365 929 1422 ¹Bristollum
947 1370 1075 1425 Henrico
1089 1370 1195 1425 Comiti
1214 1368 1351 1422 Barrsnsi
1369 1373 1427 1422 tra·
1444 1366 1596 1415 1293-1294.

381 1446 461 1503 ditur
478 1450 509 1502 in
526 1467 664 1514 uxorem;
690 1449 726 1503 de
752 1468 810 1520 qua
834 1452 926 1506 filium
946 1455 1048 1523 genuit
1071 1451 1255 1515 Edwardum,
1283 1458 1313 1507 et
1338 1450 1429 1506 filiam
1440 1452 1568 1520 Marriage

381 1551 468 1602 quam
494 1534 640 1590 ,Iohannes
659 1533 695 1589 de
713 1532 883 1601 ²Warenua,
907 1536 1043 1609 Surreyte
1063 1542 1093 1593 et
1115 1536 1282 1592 Seuthoxim
1311 1534 1425 1600 Comes,
1441 1520 1597 1574 ⁰fffi¹¹⁰0⁸⁸

381 1616 472 1674 duxit.
906 1611 908 1616 ’
1440 1653 1529 1720 Hem

415 1702 534 1758 Transit
557 1722 649 1759 annus
670 1704 726 1758 iste
751 1722 804 1759 nec
830 1705 903 1759 uber
920 1705 1041 1775 frugum
1059 1722 1112 1760 nec
1136 1704 1242 1760 fertilis
1260 1704 1425 1770 fructuum
1441 1692 1569 1776 eount’d,

1440 1586 1549 1638 Alienon
1559 1595 1585 1640 to

380 1786 557 1842 Normannis
575 1788 691 1853 flebilis,
721 1790 790 1859 quia
811 1789 889 1860 quod
906 1791 1004 1845 carius
1025 1790 1197 1853 dilexerunt,
1217 1806 1269 1860 per
1287 1789 1427 1860 Anglioos
1439 1787 1497 1843 Bar.

380 1872 557 1939 amiserunt;
578 1872 697 1928 Francis
716 1880 746 1929 et
763 1873 897 1945 Anglicis
919 1874 1071 1929 discordia
1089 1874 1280 1939 inchoativae,
1300 1878 1331 1929 ct
1348 1873 1427 1930 dam·

378 1974 483 2013 norum
501 1958 772 2029 irrecuperabilium
793 1959 968 2014 causativus.

296 2030 348 2083 ffibb
415 2042 499 2097 Anno
517 2042 620 2114 gratiae
637 2042 795 2097 millesimo
822 2042 1020 2098 ducentesimo
1038 2043 1227 2114 nonagesimo
1246 2043 1356 2113 quinte,
1376 2044 1427 2113 qni
1440 2034 1562 2113 Regotia-

300 2102 324 2148 η
380 2135 426 2183 est
442 2144 534 2183 annus
559 2128 643 2197 regni
670 2127 762 2197 Regis
789 2127 934 2191 Edwardi,
956 2146 974 2183 a
998 2127 1174 2199 Conqutestu
1201 2127 1303 2192 Primi,
1324 2128 1427 2182 vicesi·
1441 2101 1569 2220 Ἓξ·

297 2201 302 2215 ’
378 2230 445 2267 mus
464 2211 617 2275 secundus,
643 2211 824 2275 Edmundus,
851 2212 942 2267 freter
961 2212 1052 2282 Regis
1069 2212 1196 2284 Angliea,
1219 2230 1322 2267 versus
1347 2183 1596 2305 mareptgefflgng,

296 2298 536 2372 urnprofectus,
573 2314 626 2367 per
652 2295 781 2366 Reginos
816 2296 957 2360 Franoiae,
986 2296 1158 2360 Johannam,
1190 2296 1282 2367 Regis
1312 2314 1427 2352 consor·
1441 2302 1562 2354 landand

297 2359 353 2413 ΒΜ·
378 2387 448 2446 tem,
480 2388 511 2436 et
539 2380 672 2444 Mariam,
704 2380 836 2450 ejusdem
865 2397 1028 2445 novercam,
1061 2387 1095 2436 ut
1121 2398 1188 2435 cum
1213 2381 1324 2436 eisdem
1347 2382 1428 2453 pacis
1441 2368 1546 2422 FWG·

298 2431 326 2542 ‚¹³
378 2471 535 2521 tractatum
562 2470 701 2529 resumat,
721 2464 856 2520 celeriter
876 2471 1038 2519 revocatur.
1077 2464 1211 2536 Denique
1232 2465 1427 2521 mediantibus

379 2550 511 2622 Reginis,
537 2556 604 2623 post
627 2550 754 2622 plurima
771 2550 955 2621 interloquia,
981 2550 1013 2605 in
1030 2551 1124 2605 forma
1142 2550 1306 2622 subscripta
1331 2552 1429 2608 extitit

378 2636 592 2691 concordatum.
607 2634 696 2690 -Ut
723 2640 843 2706 propter
872 2635 1010 2689 honorem
1043 2634 1135 2705 Regis
1163 2634 1350 2701 Francorum,
1380 2637 1427 2691 eui

377 2737 430 2792 per
464 2720 614 2775 ministros
648 2719 787 2774 eustodiae
817 2719 978 2774 Wasconiae
1012 2718 1173 2789 deputatos,
1211 2725 1245 2775 ut
1273 2719 1428 2775 ridebatur

377 2804 534 2866 nonnullis,
572 2805 603 2858 in
632 2803 765 2875 pluribus
802 2803 898 2857 fuerat
933 2804 1114 2873 derogatum,
1144 2821 1192 2859 sex
1219 2810 1323 2869 castra,
1346 2804 1426 2859 vide·

377 2888 455 2952 licet,
483 2888 650 2950 Sanctonas,
670 2886 860 2951 'Galemund
886 2886 1048 2952 4Τοιιιιιῐιῑι,
1086 2887 1230 2952 Pomerel,
1264 2888 1371 2953 Penne,
1397 2896 1428 2945 et

378 2972 642 3036 Mountflaunkene,
679 2971 822 3026 voluntati
862 2970 954 3041 Regis
978 2971 1109 3026 Franoiae
1145 2971 1328 3027 dederentur.
1390 2972 1427 3026 In

378 3056 511 3112 omnibus
547 3074 618 3111 vero
654 3056 821 3111 civitatibus
862 3063 893 3112 et
929 3056 1033 3111 eastris
1070 3056 1160 3111 totius
1201 3055 1340 3120 Ducatus,
1378 3074 1425 3110 ex-

377 3143 469 3214 ceptis
495 3141 683 3211 Burdegulia,
710 3141 829 3206 Βιιὶοιιιι,
850 3148 880 3196 et
905 3141 1030 3210 Regula,
1057 3159 1132 3195 unus
1160 3142 1289 3195 serviens
1308 3143 1426 3197 nomino

378 3226 469 3297 Regis
497 3226 628 3282 Francia}
652 3232 817 3296 poneretur.
866 3225 910 3280 De
930 3225 1073 3302 ministris
1098 3242 1213 3295 quoque
1238 3242 1290 3296 per
1313 3224 1426 3295 Regem

377 3312 494 3381 Anglim
521 3312 552 3365 in
577 3310 731 3365 Waseonia
754 3309 867 3380 positis,
895 3309 1019 3379 aliisque
1046 3326 1099 3380 per
1124 3314 1215 3364 totam
1236 3315 1353 3373 terram,
1373 3326 1426 3380 pro

378 3395 464 3450 libitu
483 3394 575 3466 Regis
594 3394 772 3448 Francorum
791 3393 905 3448 obsides
929 3393 1121 3449 traderentur.
1160 3391 1272 3461 Quibus
1290 3395 1424 3464 peractis,

378 3481 439 3534 Rex
450 3478 601 3533 ‘Francius
617 3479 794 3541 citationem,
810 3479 839 3532 in
854 3476 933 3532 Aula
944 3477 1103 3532 Parisiensi
1122 3476 1308 3548 publicatam,
1319 3478 1427 3532 faceret

378 3563 516 3618 revocari.
555 3561 659 3618 Castra
675 3579 746 3616 vero
764 3563 869 3625 omnia,
887 3562 991 3617 amotis
1004 3560 1198 3616 servientibus
1216 3561 1247 3615 in
1259 3562 1426 3617 civitatibus

378 3649 481 3719 positis
507 3652 537 3701 et
563 3647 678 3710 eastris,
701 3645 885 3716 obsidesque,
914 3645 951 3699 ad
969 3646 1139 3717 petitionem
1157 3645 1282 3700 duarum
1300 3645 1426 3716 Regina·

377 3749 452 3794 rum,
474 3730 520 3786 vel
540 3731 627 3785 unius
645 3748 755 3794 earum,
769 3731 939 3785 restitueret
957 3730 1019 3783 sine
1037 3747 1126 3783 mora.
1165 3728 1284 3800 Resque
1300 3729 1424 3800 Angliae,

377 3832 513 3870 concesso
532 3814 588 3869 sibi
607 3813 688 3869 salvo
706 3813 858 3876 conductu,
887 3812 1040 3868 Ambianis
1058 3813 1180 3877 veniret,
1200 3820 1235 3867 ut
1260 3812 1300 3868 ibi
1328 3813 1426 3869 habito

377 3906 478 3954 mutuo
503 3897 620 3968 Regum
650 3898 803 3968 colloquio,
840 3915 895 3968 pax
923 3903 954 3952 et
982 3898 1111 3952 amicitia
1136 3897 1168 3951 in
1199 3904 1348 3968 posterum
1377 3898 1424 3952 fir-

376 3989 515 4038 maretur.
561 3983 656 4053 Super
681 3982 739 4037 hiis
767 3981 905 4036 confectis
932 3981 1059 4051 scriptis,
1087 3998 1188 4045 unum,
1215 3998 1268 4051 per
1297 3980 1425 4051 Reginae

377 4068 534 4138 signatum,
562 4066 716 4120 Edmnndo
741 4065 885 4130 traditur;
915 4064 1005 4128 aliud,
1026 4064 1173 4135 signatum
1199 4064 1236 4119 ab
1261 4064 1423 4129 Edmundo,

377 4150 594 4205 commendatur
612 4149 742 4220 Reginis.
787 4148 868 4218 Quae,
901 4149 969 4203 data
1001 4148 1057 4202 fide
1087 4149 1118 4202 in
1144 4166 1232 4203 manu
1267 4148 1423 4213 Edmundi,

376 4236 574 4309 promiserunt
591 4241 677 4306 pacta
694 4236 725 4290 in
743 4235 860 4306 scriptis
879 4235 954 4289 inita
969 4234 1135 4290 nullatenus
1153 4233 1297 4290 violanda.

412 4320 598 4376 Certificatus
628 4319 797 4391 superbiis
827 4318 890 4373 Rex
916 4319 1043 4389 Angliae,
1063 4336 1116 4391 per
1139 4335 1311 4388 germanum
1338 4337 1425 4373 sunm

377 4403 506 4458 litteram
529 4421 618 4458 unam
641 4407 797 4474 patentem,
820 4403 961 4458 directam
986 4402 1119 4457 omnibus
1145 4401 1288 4457 ministris
1314 4402 1376 4457 suis
1395 4403 1426 4456 in

377 4486 540 4551 Waseonia,
560 4488 755 4542 continentem
772 4485 941 4541 mandatum
960 4487 1041 4541 utin
1066 4485 1199 4541 omnibus
1217 4484 1309 4556 Regis
1334 4485 1425 4540 Fran-

378 4589 477 4628 corum
488 4571 689 4643 obtemperent
699 4571 853 4635 voluntati,
866 4571 1030 4627 transmisit
1041 4587 1181 4641 germano
1192 4587 1263 4636 suo;
1283 4586 1335 4641 per
1346 4588 1424 4637 eum,

412 4861 581 4914 'Bristcliian
591 4863 620 4912 iu
630 4863 673 4913 the
684 4863 784 4928 printed
795 4865 869 4913 texts.
960 4860 1065 4911 ‘Toum
1076 4860 1103 4911 in
1114 4859 1156 4911 the
1167 4861 1265 4926 printed
1275 4870 1349 4915 texts.

410 4946 421 4974 ‘
434 4943 569 4994 Worresria
586 4944 615 4993 in
625 4943 668 4993 the
679 4942 779 5006 printed
790 4950 865 4992 texts.
960 4941 1071 4991 ³Added
1081 4939 1109 4990 in
1120 4939 1209 4991 aliter
1220 4941 1297 4993 baud.

411 5026 421 5055 ¹
435 5021 569 5074 Yalesrssd
587 5021 663 5076 intbe
674 5022 773 5087 printed
785 5028 861 5074 texts.
