3750 6250
662 1103 825 1155 merome
846 1103 1054 1155 arenosus
1316 1090 1382 1161 377

201 1308 222 1357 ς,
232 1308 301 1358 Bibl.
333 1296 431 1346 torum
448 1308 553 1361 regum
567 1290 774 1354 sanctionibus,
790 1295 835 1346 tot
848 1306 1030 1346 summorum
1047 1289 1217 1360 pontificum
1234 1290 1384 1345 confirma-
1395 1297 1465 1347 A.D.
1478 1303 1551 1349 1378.

202 1391 228 1452 g·
245 1381 274 1424 13
334 1376 471 1438 tionibus,
504 1381 534 1431 et
561 1380 607 1430 tot
635 1375 915 1430 contravenientium
950 1374 1133 1429 terribilibus
1172 1374 1383 1429 sententiarum
1395 1390 1481 1454 refuge
1492 1400 1518 1441 at

209 1457 246 1492 11.

334 1459 616 1523 comminationibus,
633 1465 848 1530 postremoque,
862 1458 962 1513 divino
979 1458 1084 1513 timore
1103 1475 1137 1512 ac
1150 1456 1263 1513 Sanetoe
1275 1458 1383 1513 Matris
1396 1457 1479 1533 West·

334 1544 474 1599 Ecclesiae
498 1544 672 1607 reverentia,
694 1548 860 1598 statuerunt
882 1559 943 1608 eos,
963 1560 981 1597 a
999 1542 1165 1596 sanctuario
1188 1544 1382 1614 perturbatos,
1395 1532 1507 1577 mmm·

334 1628 372 1683 ad
389 1628 508 1682 Turrim
525 1644 618 1698 usqne
636 1626 785 1692 reducere,
804 1632 834 1682 et
851 1626 961 1682 ibidem
979 1626 1093 1681 cautius
1115 1643 1304 1692 conservare,
1324 1627 1382 1692 vel,

335 1718 368 1767 ut
386 1718 514 1783 putatur,
537 1716 581 1766 tot
599 1710 685 1765 malis
705 1710 844 1781 affligere,
864 1716 899 1765 ut
922 1710 1015 1766 vitam
1039 1709 1174 1766 deserere
1198 1717 1381 1782 cogerentur.

334 1796 460 1851 Proinde
490 1795 647 1850 mittuntur
675 1812 709 1849 ex
740 1793 865 1849 l<aulicis
895 1793 933 1849 ad
962 1794 1264 1859 westmonasterium,
1296 1813 1385 1850 causa

334 1880 421 1950 hujus
440 1879 561 1935 ineuriae
579 1879 610 1933 in
627 1879 768 1941 homines,
789 1877 896 1943 Deum,
916 1885 947 1934 et
966 1877 1138 1944 Ecclesiam,
1158 1878 1381 1943 committendus,

333 1963 546 2034 quinquaginta
562 1963 686 2027 armati;
707 1967 817 2016 secrete
838 1966 946 2026 tamen,
969 1967 1088 2032 propter
1109 1967 1220 2017 metum
1239 1962 1383 2019 Londoni-

331 2048 454 2112 ensium,
474 2064 510 2100 ne
528 2047 604 2101 forte
621 2044 766 2101 tumultus
784 2045 868 2100 fieret
885 2046 916 2099 in
934 2044 1019 2117 plebe
1037 2045 1098 2100 illa.

365 2130 421 2199 Qui
440 2129 567 2200 ingressi
585 2130 784 2185 sanctuarium
798 2128 897 2184 Sancti
916 2129 1008 2193 Petri,
1022 2134 1088 2184 astu
1107 2128 1225 2200 quidem
1244 2130 1381 2202 primum,
1397 2144 1539 2194 sensualis

330 2214 443 2270 scilieet
462 2214 625 2269 Johannem
650 2210 804 2276 ²Sehakel,
824 2213 1058 2268 circumventum
1083 2211 1218 2267 libertate
1243 2213 1550 2275 Ecolegiaerecaptured.

328 2305 479 2362 exuerunt,
512 2305 543 2353 et
572 2297 609 2352 ad
639 2297 758 2351 Turrim
788 2296 869 2351 illico
903 2296 1090 2351 reduxerunt.
1144 2296 1192 2350 Ad
1223 2297 1382 2352 secundum

328 2389 426 2436 autem
452 2382 554 2436 eodem
580 2381 637 2444 die,
658 2380 819 2435 Robertum
843 2380 952 2446 Haule,
982 2398 1049 2435 cum
1074 2380 1233 2443 venisseut,
1260 2387 1291 2436 et
1320 2382 1382 2452 ipse

327 2466 487 2520 Missurum
517 2465 677 2528 solemniis,
709 2464 740 2518 in
765 2464 893 2520 crastino
923 2463 1062 2520 videlicet
1093 2464 1193 2520 Sancti
1218 2464 1380 2530 Laurentii,

329 2551 491 2613 interesset,
517 2556 715 2604 convenerunt
739 2566 806 2603 enm
830 2548 867 2602 de
892 2548 1097 2603 satisfaciendo
1123 2548 1199 2618 Regi
1218 2549 1382 2620 superbiis

328 2633 434 2704 quibus
453 2633 516 2703 ejus
535 2632 694 2687 offenderat
711 2632 914 2702 majestatem
938 2633 1093 2702 quiscum
1112 2641 1190 2687 esset
1208 2632 1272 2703 ejus
1290 2633 1382 2704 ligius

327 2718 422 2781 home,
456 2717 547 2787 regiis
577 2734 634 2770 non
660 2722 772 2771 tantum
797 2715 1054 2787 postulationibus,
1080 2723 1221 2786 quantum
1245 2719 1382 2788 precibus

328 2802 402 2869 ejus,
423 2801 539 2871 spretis,
558 2805 660 2854 centra
674 2817 742 2853 eum
754 2799 946 2869 tergiversari
958 2805 1018 2852 tam
1030 2800 1193 2869 procaciter
1211 2818 1301 2855 ausus
1314 2802 1379 2856 fuit.

328 2886 384 2939 Ille
403 2904 482 2952 vero,
497 2886 567 2940 dum
584 2903 642 2939 non
661 2884 784 2955 Regem,
805 2884 857 2938 sed
875 2884 939 2953 ejus
959 2884 1151 2948 consiliarios,
1171 2884 1207 2939 de
1226 2887 1381 2957 injustitia,

328 2969 461 3034 avaritia,
489 2968 622 3039 falsoque
647 2967 778 3032 consilio,
808 2985 946 3022 accusare
971 2968 1123 3031 niteretur,
1152 2975 1181 3023 ct
1206 2969 1251 3022 illi
1278 2988 1381 3024 manus

329 3054 484 3125 injicerent
495 3053 532 3107 ad
545 3051 756 3107 extrahendum
768 3048 880 3122 ¹[eum]
895 3051 931 3105 de
951 3051 1075 3106 ccclesia
1086 3050 1238 3117 violenter,
1253 3060 1382 3108 extracto

329 3138 454 3210 quodam
482 3145 564 3192 curto
590 3135 699 3206 gladie,
729 3154 796 3190 mox
822 3154 921 3190 omnes
950 3143 1076 3190 armatos
1100 3136 1163 3207 ipse
1189 3136 1326 3192 ⁴inermis
1345 3138 1382 3192 ed

328 3225 429 3291 lugam
448 3222 555 3291 coegit,
575 3226 605 3275 et
629 3219 742 3274 salvare
767 3237 798 3274 se
823 3220 954 3291 cupiens,
974 3219 1019 3275 bis
1041 3221 1119 3275 circa
1145 3220 1267 3275 chorum
1285 3240 1383 3276 monu-

329 3307 450 3359 ehorum
476 3303 619 3358 currendo
644 3321 697 3374 pro
722 3303 847 3373 refugio,
867 3303 986 3359 tandem
1010 3304 1041 3358 in
1065 3304 1129 3375 ipso
1147 3304 1235 3359 choro
1254 3305 1290 3358 ab
1309 3305 1381 3375 ipsis

330 3389 458 3459 undique
476 3387 724 3442 circumvallatur.
763 3387 840 3456 Quid
853 3387 968 3444 multa?
998 3388 1043 3442 Ex
1066 3387 1145 3442 omni
1168 3395 1251 3459 parte
1270 3389 1382 3444 strictis

329 3472 507 3545 pugionibus
534 3472 695 3542 impetitus,
724 3479 758 3526 ut
788 3489 819 3526 se
850 3471 954 3526 reddat
979 3478 1175 3542 perstrepunt,
1201 3472 1383 3528 horribiliter

329 3554 526 3619 exclamando,
554 3566 584 3608 et
608 3555 826 3609 sanctissimum
854 3555 940 3610 illum
960 3555 1144 3611 (laurentum
1161 3556 1379 3622 monachorum,

329 3659 439 3695 necnon
458 3637 639 3693 sacerdotem
659 3657 742 3693 suero
761 3646 905 3695 astantem
924 3639 1020 3704 altari,
1041 3648 1109 3710 pest
1126 3640 1255 3712 perlecta
1281 3640 1381 3697 Sancti

329 3724 419 3778 verba
444 3722 609 3792 Evangelii,
630 3723 836 3787 conturbando,
868 3724 996 3794 amplius
1023 3724 1113 3779 etium
1143 3725 1252 3780 exarsit
1281 3742 1382 3780 eorum

330 3809 429 3874 surer;
449 3808 480 3861 in
492 3812 615 3870 tantum,
630 3814 664 3862 ut
675 3806 793 3861 domum
807 3807 863 3861 Dei
874 3826 932 3863 nen
951 3808 1046 3863 selum
1064 3807 1204 3864 haberent
1221 3809 1380 3880 despectui,

331 3891 383 3945 sed
410 3891 497 3945 etiam
524 3891 554 3943 in
580 3890 658 3961 ipses
683 3890 795 3945 Christi
821 3890 954 3954 famulos,
975 3893 1026 3962 qui
1047 3891 1119 3962 jam,
1139 3899 1173 3948 ut
1197 3893 1381 3958 dictumest,

333 3975 458 4028 Domino
487 3974 517 4027 in
547 3972 634 4028 chore
665 3974 807 4038 astabunt,
836 3974 999 4029 ministerio
1026 3976 1190 4046 iniqnitatis
1216 3995 1288 4032 vasa
1317 3995 1382 4032 con·

333 4063 489 4121 verterent,
509 4056 676 4128 pectoribus
700 4057 884 4128 singulorum
908 4059 1032 4129 figentes
1051 4059 1186 4130 cuspides
1205 4060 1380 4131 gladiorum,

333 4148 463 4195 vetantes
490 4157 539 4194 eos
567 4141 621 4194 sub
650 4158 737 4211 poena
761 4141 865 4196 mortis
889 4140 1025 4206 herridae‚
1045 4160 1081 4196 ne
1105 4143 1263 4213 ⁶suffragio
1288 4143 1382 4198 forent
1394 4157 1478 4209 1121110
1489 4159 1511 4208 i,

333 4225 377 4279 illi
397 4243 484 4295 quem
501 4223 645 4294 perimere
663 4225 841 4280 laborabant.
878 4225 921 4280 At
937 4225 993 4290 illi,
1007 4226 1058 4297 qui
1077 4227 1201 4281 eundem
1220 4227 1381 4282 Robertum
1394 4228 1525 4276 murdered

333 4308 431 4363 Huule
462 4308 723 4371 circumsteterant,
755 4309 825 4363 dum
855 4326 957 4378 pacem
987 4310 1126 4364 Ecclesiae
1156 4317 1277 4381 peteret,
1310 4291 1473 4365 duminthe

333 4409 450 4446 causam
473 4391 549 4444 tanti
577 4390 695 4445 sceleris
726 4399 879 4460 quaereret,
906 4392 976 4446 dum
1007 4411 1038 4446 se
1068 4394 1183 4447 tandem
1214 4394 1381 4450 cancellatis
1392 4358 1493 4424 ΛΜ·

338 4535 530 4542 ——---..
535 4538 635 4542 ------
820 4539 826 4542 .
843 4539 963 4543 ...,,-,,,.
1053 4539 1066 4542 ..
1107 4539 1379 4548 .—.---.—------—

367 4624 761 4691 'Andieisinoriffleorreeted
770 4628 834 4676 stom
857 4629 859 4679 i
912 4626 1059 4690 'Supplied
1082 4629 1146 4678 from
1171 4629 1239 4679 Bibl.
1259 4631 1322 4694 lteg.
1350 4637 1380 4682 13

333 4705 376 4755 the
388 4705 487 4767 printed
498 4713 572 4754 texts.
856 4685 859 4775 l
879 4705 909 4755 E.
918 4704 955 4754 ix.
968 4727 975 4763 3
993 4706 1096 4756 omitted
1105 4707 1131 4756 in
1144 4708 1186 4758 the
1197 4708 1294 4772 printed
1306 4717 1380 4762 texts.

365 4782 485 4832 ²Slmwel
506 4783 533 4831 iu
556 4783 637 4846 orig.;
662 4786 695 4849 by
719 4786 834 4835 inadver·
856 4782 859 4841 Ι
913 4788 1078 4837 ‘interminio
1091 4790 1380 4854 orig.;eorreetedfmm

332 4871 412 4921 tenes,
441 4861 538 4925 arising
559 4863 681 4927 probably
705 4865 769 4912 from
792 4866 835 4914 the
879 4866 921 4915 the
933 4866 1033 4929 printed
1044 4875 1118 4917 texts.

333 4943 396 4990 term
413 4941 443 4989 of
459 4941 501 4990 the
519 4941 591 4990 letter
610 4941 625 4990 k
647 4942 675 4990 in
695 4943 751 4993 MS.
767 4944 833 4994 Bibl.
912 4945 1040 4994 ³suluidio
1052 4946 1078 4996 in
1090 4948 1132 4997 the
1143 4948 1241 5012 printed
1253 4959 1326 5001 texts.

333 5020 396 5084 lieg.
418 5024 447 5068 13
459 5019 489 5068 E.
501 5019 537 5068 ix.
1003 5028 1006 5032 ’
