3750 6250
443 1080 463 1143 6
730 1087 909 1140 1111111110
931 1087 980 1137 sn
1005 1084 1191 1138 nncroanu.

444 1272 551 1340 omnis
580 1273 704 1348 domus,
742 1272 921 1359 Scripturis
958 1272 1175 1340 sanctissimis
1201 1272 1382 1347 abundent,
1420 1287 1491 1333 nou

444 1380 554 1461 potest
583 1374 649 1440 ista
678 1375 888 1462 antiquitatis
918 1376 1081 1442 crassities
1110 1376 1146 1441 in
1176 1375 1244 1441 ullo
1278 1371 1398 1461 angulo
1431 1376 1493 1436 aut

445 1477 584 1544 latibulo
598 1478 668 1544 sine
689 1478 822 1556 lumine,
835 1480 907 1544 sine
929 1479 1060 1559 indicio,
1075 1479 1146 1544 sine
1164 1477 1235 1545 veri
1255 1474 1492 1566 perspicientis,

446 1580 652 1647 delitescere:
684 1587 751 1660 aut,
773 1581 802 1647 si
823 1582 996 1668 quisquam
1026 1583 1173 1649 omnium
1195 1581 1241 1647 sit
1262 1582 1320 1666 qui
1341 1578 1379 1644 in
1399 1581 1498 1643 tanta

445 1683 519 1749 luce
540 1684 694 1750 tenebras
727 1684 912 1750 etiamnum
941 1685 1107 1751 mordicus
1140 1685 1294 1760 retineat,
1317 1680 1495 1747 induravit

448 1807 505 1852 eor
537 1786 608 1873 ejus
638 1788 809 1866 Dominus,
834 1793 869 1853 et
891 1788 932 1853 de
963 1810 1001 1853 eo
1024 1788 1129 1875 magis
1166 1786 1406 1874 desperandum
1436 1788 1496 1862 ast,

448 1911 490 1954 ne
526 1911 697 1977 nunquam
732 1891 909 1977 resipiscat,
948 1913 1047 1977 quam
1086 1890 1300 1956 metuendum
1343 1911 1387 1955 ne
1423 1886 1498 1952 istis

448 1991 613 2057 miraculis
650 2014 754 2059 000010
801 1993 870 2069 fist,
907 1994 966 2079 qui
1008 1993 1207 2078 jamdudum
1244 1992 1280 2057 in
1317 1992 1390 2079 ipsa
1425 1990 1498 2055 luce

449 2094 600 2159 caecutire
623 2100 659 2159 et
684 2094 851 2159 offendere
873 2094 1047 2160 desiderat
1093 2095 1176 2161 Haeo
1198 2096 1234 2159 in
1256 2115 1332 2161 eum
1354 2094 1455 2158 finem
1477 2113 1498 2156 a

449 2219 501 2262 me
523 2198 713 2262 scribuntur
743 2196 950 2281 (suavissime
981 2197 1112 2282 Lector)
1143 2220 1210 2263 non
1240 2203 1280 2263 ut
1302 2203 1338 2262 te
1359 2219 1380 2261 a
1414 2215 1499 2282 puro

450 2299 624 2385 Evangelii
668 2299 760 2364 fonte
797 2299 841 2364 ad
879 2299 1091 2366 turbulentos
1134 2301 1364 2365 miraculorum
1409 2297 1499 2362 lacus

449 2402 589 2488 adigam,
621 2403 678 2467 sed
703 2408 743 2467 ut
763 2408 803 2467 tu
833 2400 924 2490 (oum
947 2402 984 2467 in
1006 2426 1045 2468 ca
1075 2401 1245 2490 incideris)
1274 2401 1346 2467 Deo
1376 2400 1500 2487 gratias

449 2526 536 2591 agas,
569 2505 658 2590 qnod
684 2526 756 2568 eam
778 2505 843 2570 tibi
865 2504 971 2570 lucem
1003 2505 1187 2571 ostenderit
1217 2527 1316 2591 quam
1347 2502 1500 2590 patribus

450 2607 518 2672 tuis
552 2607 748 2693 denegavit:
784 2628 846 2672 nec
883 2608 1127 2693 antiquissimas
1161 2610 1242 2673 istas
1275 2607 1392 2693 patriae
1429 2611 1501 2672 tuae

451 2709 618 2774 Historias
649 2731 780 2795 prorsus
804 2709 939 2796 rejicias,
974 2709 1128 2796 quoniam
1151 2711 1187 2774 in
1209 2710 1276 2775 illis
1298 2710 1380 2774 falsa
1401 2709 1501 2773 mira-

450 2812 524 2877 cula
548 2812 754 2898 produntur;
785 2834 827 2878 ne
849 2812 886 2876 in
908 2834 1038 2877 summa
1059 2834 1169 2877 rerum
1195 2818 1383 2878 nostrarum
1405 2811 1501 2899 igno-

449 2914 578 2980 ratione
615 2936 743 3000 semper
773 2916 920 2991 verseris,
952 2938 1027 2981 eum
1063 2937 1124 2981 nec
1157 2915 1227 2979 ulla
1257 2914 1500 3004 antiquitatum

451 3016 592 3103 vestigia
613 3018 677 3081 nisi
700 3017 825 3082 inillis
857 3017 1072 3104 scriptoribus
1108 3018 1244 3104 reperiri
1281 3015 1416 3104 possint,
1440 3035 1503 3082 1100

451 3118 624 3206 quisquam
639 3119 686 3186 sit
705 3119 763 3206 qui
778 3120 954 3207 perfectam
972 3142 1083 3186 rerum
1105 3126 1292 3186 nostramm
1315 3118 1501 3185 Historiam

451 3222 610 3288 hactenus
653 3223 827 3310 scripserit
888 3223 930 3288 Id
974 3245 1034 3310 ego
1072 3221 1250 3309 aliquando
1294 3220 1503 3287 exactissima

451 3326 599 3391 futurum
637 3347 704 3390 non
742 3326 939 3405 dubitarem,
967 3327 1033 3390 nisi
1064 3325 1100 3389 in
1134 3326 1243 3391 Deum
1280 3332 1316 3391 et
1353 3325 1503 3391 homines

451 3427 575 3514 ingrati
591 3448 755 3508 essemus;
778 3428 858 3493 dum
876 3449 936 3492 nec
953 3426 1082 3493 labores
1102 3427 1226 3493 alienos
1245 3428 1365 3493 merito
1386 3449 1504 3515 appro-

452 3533 577 3609 bamus,
600 3553 660 3596 nec
682 3532 816 3617 ingenia
837 3531 1033 3597 excellentia
1047 3531 1103 3620 (ut
1117 3531 1226 3598 solent
1239 3532 1312 3598 alioe
1334 3533 1501 3616 nationes)

452 3635 586 3721 praemio
616 3639 651 3698 et
682 3633 806 3698 honore
838 3633 1004 3700 afficimus.
1049 3636 1158 3699 Immo
1190 3656 1278 3714 vero,
1303 3636 1396 3721 quasi
1428 3637 1503 3702 nati

452 3737 496 3800 ad
529 3734 713 3801 barbariem
747 3757 897 3816 essemus,
933 3736 1136 3802 doctissimos
1168 3758 1313 3824 quosque
1345 3743 1380 3803 et
1412 3738 1503 3804 viros

453 3838 736 3922 eloquentissimos
773 3861 847 3904 cnm
884 3838 1086 3925 indignitate
1122 3839 1294 3925 rejicimus.
1346 3840 1430 3908 Haec
1466 3841 1504 3905 in

453 3941 549 4006 nobis
571 3946 606 4006 et
627 3942 693 4006 alia
714 3964 916 4028 quascunque
946 3942 1032 4007 vitia
1058 3942 1150 4008 Deus
1173 3943 1318 4029 optimus
1339 3944 1505 4009 maximus

453 4066 513 4130 pro
544 4065 604 4108 sua
638 4066 766 4110 summa
797 4046 973 4111 elementia
1006 4047 1169 4132 corrigat:
1209 4050 1244 4111 et
1277 4045 1350 4127 tibi,
1386 4046 1504 4112 Lector

454 4147 586 4234 optime,
624 4147 806 4214 multorum
850 4170 1012 4214 annorum
1056 4148 1248 4214 felicitatem
1285 4169 1360 4214 cum
1397 4149 1505 4217 salute
1564 4172 1568 4178 ·

454 4251 652 4337 sempiterna
673 4252 838 4318 concedat.
884 4251 974 4317 Vale.
