3750 6250
704 1079 865 1130 meream
886 1079 1092 1131 inuncans
1359 1070 1422 1133 229

304 1275 349 1327 'nt
379 1266 449 1339 quia
465 1284 519 1340 per
536 1267 655 1325 nuncios
673 1285 741 1324 suos
766 1268 866 1340 plures
883 1267 1070 1324 rationabiles
1087 1267 1151 1324 vias
1169 1268 1197 1323 ei
1216 1285 1269 1339 pro
1283 1268 1351 1340 jure
1370 1288 1422 1325 suo
1433 1272 1503 1327 AD.
1518 1282 1587 1327 1340.

378 1350 409 1406 in
435 1369 526 1423 regno
552 1352 730 1407 Francorum
756 1352 984 1423 haereditateque
1009 1351 1107 1407 debita
1129 1353 1334 1424 recuperandis
1360 1355 1422 1409 sivo

305 1423 345 1526 ᾗ
377 1435 568 1507 possidendis,
596 1437 735 1492 hactenns
760 1437 796 1491 ab
821 1437 885 1507 ipso
903 1443 1004 1492 contra
1028 1436 1123 1491 Deum
1148 1442 1179 1492 et
1200 1437 1347 1507 justitiam
1374 1437 1422 1492 de·

376 1520 465 1575 tentis
480 1538 514 1575 ao
532 1522 688 1592 occupatis,
702 1520 864 1584 obtulisset,
877 1538 930 1575 nec
950 1521 977 1575 ei
995 1521 1136 1575 rationem
1153 1538 1248 1591 neque
1263 1520 1418 1591 justitiam,

375 1609 410 1659 ut
425 1603 589 1669 videbatur,
608 1605 703 1659 facere
716 1604 902 1669 decrevisset,
923 1604 1000 1658 idem
1018 1604 1081 1658 Rex
1092 1603 1209 1675 Anglioe
1226 1622 1279 1675 per
1291 1604 1420 1660 medium

374 1686 529 1752 lllandriae,
544 1687 620 1743 sicut
637 1688 770 1744 dominus
782 1688 923 1759 superior,
937 1688 1110 1754 transierat3
1128 1687 1307 1759 collectaque
1320 1706 1420 1745 secum

373 1775 461 1826 terras
478 1771 609 1842 ejusdem
628 1772 746 1827 sortium
769 1773 907 1843 potentia,
927 1789 1030 1827 versus
1048 1772 1146 1842 ipsum
1164 1789 1195 1827 se
1214 1778 1371 1829 attraxerat
1387 1774 1419 1829 in

368 1853 438 1926 jure
465 1872 527 1920 suo,
554 1855 640 1910 finem
670 1855 733 1910 Deo
759 1855 931 1927 placabilem
959 1854 1095 1911 affectans
1121 1855 1216 1910 facore
1243 1856 1415 1913 breviorem.

372 1937 413 1994 Ilt
429 1939 499 2010 quia
516 1956 604 1995 eausa
620 1940 697 1996 inter
721 1939 801 2011 ipsos
826 1940 899 1995 duos
926 1940 1023 1995 fuerat
1048 1945 1134 2005 mota,
1161 1957 1213 2010 pro
1232 1940 1418 2011 oppressione

371 2022 481 2094 populi,
500 2024 670 2089 vastatione,
696 2042 730 2079 ao
755 2030 853 2095 strage
871 2023 1024 2088 evitandis,
1045 2024 1133 2079 etiam
1150 2024 1288 2094 ipsorum,
1307 2024 1417 2079 bellum

370 2107 481 2163 faceret
500 2108 657 2179 singulare.
695 2108 735 2164 Et
759 2109 785 2163 si
810 2109 858 2163 via
882 2108 957 2163 forte
983 2108 1041 2163 ista
1067 2108 1124 2163 sibi
1150 2108 1334 2178 contingeret
1359 2127 1417 2163 non

370 2188 495 2260 placere,
515 2208 550 2245 ex
567 2197 648 2261 perte
666 2197 790 2262 utraque
808 2196 935 2256 centum,
955 2208 1022 2245 cum
1045 2191 1127 2262 Rege
1146 2209 1208 2255 sno,
1228 2191 1362 2246 fortiores
1381 2209 1415 2247 ac

369 2273 526 2329 validiores
544 2276 739 2341 convenirent,
758 2275 925 2347 bellumque
944 2276 1166 2331 committerent.
1203 2273 1286 2345 Quod
1311 2276 1337 2330 si
1358 2276 1416 2330 ista

370 2357 525 2430 Philippus
549 2360 705 2431 praedictus
723 2365 872 2430 acceptare
896 2377 954 2414 nou
972 2365 1097 2424 curaret,
1125 2360 1201 2414 infra
1226 2358 1326 2413 decern
1352 2358 1415 2414 dies

366 2441 452 2512 juxta
468 2443 616 2499 civitatem
633 2444 845 2499 Tornacensom
856 2461 923 2499 cum
941 2444 1078 2499 universo
1090 2444 1218 2500 exercitu
1236 2461 1289 2499 suo
1305 2444 1415 2500 bellum

369 2524 461 2582 daret.
498 2526 538 2582 Et
555 2526 626 2597 quid
643 2527 847 2597 praedictorum
859 2527 969 2598 eligere
987 2527 1171 2593 deliberaret,
1190 2528 1218 2584 ei
1236 2544 1289 2599 per
1299 2527 1414 2584 litteras

370 2627 439 2666 snas
457 2609 622 2666 ¹remittere
641 2612 703 2667 sine
725 2629 814 2666 mora.

304 2699 345 2752 nl
405 2693 568 2766 Rescripsit
584 2694 647 2748 Rex
665 2694 795 2750 Fhanciae
813 2695 844 2749 in
862 2695 938 2750 hunc
957 2694 1120 2750 modum.-

406 2779 426 2805 “
435 2776 600 2849 Philippus,
614 2776 669 2832 Dei
682 2777 777 2848 gratia
795 2777 857 2832 Rex
868 2776 1073 2844 'Francorum
1089 2776 1244 2849 [Eduardo
1262 2778 1338 2850 Regi
1352 2776 1411 2833 An·
1424 2766 1447 2817 Ρ
1447 2767 1531 2833 hffil'ss

304 2848 326 2899 3*
370 2861 390 2889 ‘⁸
409 2859 487 2931 gliae.
533 2862 660 2916 Litteras
686 2867 808 2925 vestras,
835 2861 931 2916 Curias
956 2867 1062 2917 nostrae
1085 2861 1221 2933 Philippo
1239 2862 1274 2918 de
1292 2842 1555 2952 Valesioffffl’

370 2945 390 2971 ‘⁸
408 2944 523 3010 missas,
549 2944 662 3015 aliquas
687 2944 840 3015 petitiones
864 2944 941 2999 dioto
959 2944 1095 3015 Philippo
1112 2945 1203 3000 factae
1221 2946 1408 3011 continentes,
1424 2967 1504 3032 lenge,

312 3031 358 3097 IL,
370 3028 390 3056 ‘⁶
409 3028 617 3099 perspeximus.
661 3026 740 3083 'Sed
763 3027 833 3098 quia
849 3026 974 3082 ⁴litterae
992 3046 1046 3083 neo
1063 3028 1217 3098 petitiones
1236 3028 1409 3100 ⁵praedictaa‚

304 3136 312 3152 ·
369 3112 389 3140 ‘¹
409 3111 487 3168 sicut
503 3112 621 3168 illarum
638 3117 738 3168 tenore
765 3111 915 3167 evidenter
941 3117 1069 3183 apparet,
1089 3112 1172 3167 nobis
1190 3113 1287 3167 missia
1305 3131 1411 3183 nequa-

369 3197 389 3223 “
408 3213 496 3266 quam
526 3197 649 3260 fuerant,
680 3213 733 3251 neo
763 3196 856 3260 faeta,
887 3195 970 3250 vobis
999 3196 1164 3251 nullatenus
1193 3195 1408 3267 respondemus.

367 3281 387 3306 “
406 3279 446 3334 Rt
469 3280 539 3350 qnia
555 3297 608 3351 per
624 3280 778 3351 praedictas
803 3279 926 3343 litteras,
947 3285 977 3335 et
994 3280 1087 3343 aliter,
1108 3279 1312 3343 intelleximus,
1333 3281 1411 3350 qnod

367 3365 386 3391 ⁸⁸
405 3380 530 3433 regnum
550 3369 687 3418 'nostrum
714 3364 845 3419 Franoiae
870 3364 901 3418 in
927 3381 1016 3418 mann
1042 3368 1218 3418 armatorum
1243 3362 1340 3418 valida
1365 3364 1409 3419 in·

366 3448 386 3473 “
405 3446 515 3511 trustis,
535 3444 641 3500 damna
664 3463 722 3500 non
748 3446 862 3501 modica
886 3446 979 3511 nobis,
1008 3463 1099 3517 regno
1123 3452 1222 3502 nostro
1239 3464 1273 3502 ao
1291 3448 1407 3518 populo,

367 3531 386 3556 “
405 3528 553 3584 voluntate
571 3528 684 3592 duetus,
704 3547 762 3584 non
786 3530 907 3593 ratione,
930 3546 965 3584 ea
990 3547 1055 3599 qum
1078 3530 1164 3585 homo
1183 3529 1274 3602 ligius
1292 3530 1408 3586 domino

366 3614 386 3639 ‘⁶
406 3629 459 3667 sno
477 3612 572 3668 facere
589 3619 705 3668 tenetur
723 3613 842 3667 minime
861 3612 1077 3677 considerando,
1099 3614 1256 3680 intulistis3
1276 3615 1407 3670 intrastis

366 3697 386 3723 “
405 3696 549 3766 siquidem
567 3696 677 3751 dudum
695 3697 863 3768 homagium
880 3703 1011 3752 nostrum
1029 3698 1144 3768 ligium,
1163 3716 1224 3763 nos,
1239 3699 1316 3753 sicut
1332 3699 1407 3753 ratio

366 3781 386 3806 ‘⁴
405 3780 505 3851 exigit,
532 3780 644 3850 Regem
674 3780 805 3835 Francia>
834 3797 1053 3850 recognoscens,
1073 3781 1265 3836 obedientiam
1291 3781 1406 3850 qualem

365 3864 385 3889 ‘⁶
403 3861 476 3934 ligio
506 3862 621 3918 domino
651 3881 704 3918 suo
734 3864 799 3933 quis
835 3864 1004 3933 promittere
1033 3870 1157 3928 tenetur,
1190 3864 1266 3920 sicut
1300 3864 1406 3920 litteris

366 3948 385 3973 “
403 3947 510 4003 vestris
528 3947 692 4019 patentibus
717 3965 823 4017 magno
841 3947 940 4017 sigillo
958 3952 1055 4002 vestro
1073 3948 1206 4019 signatis,
1227 3966 1299 4019 quas
1317 3964 1405 4019 pones

396 4216 544 4266 ‘remittam
560 4216 588 4264 in
606 4215 648 4265 the
667 4213 766 4279 printed
785 4220 859 4274 texts,
904 4213 1078 4278 (reprintedin
1090 4214 1133 4264 the
1144 4214 1207 4265 Now
1214 4212 1324 4271 Foedero,
1333 4213 1367 4262 11.
1376 4228 1400 4277 p.

363 4296 413 4347 and
423 4296 450 4346 in
462 4296 533 4346 Harl.
547 4301 602 4346 655.
907 4294 992 4357 11³1),
1004 4293 1054 4341 and
1070 4291 1093 4341 is
1109 4293 1189 4353 dated,
1202 4296 1218 4320 ‘⁴
1229 4291 1318 4340 Daune
1333 4299 1400 4340 souoe

395 4374 492 4426 ’After
502 4373 552 4424 this
563 4374 640 4435 word,
651 4372 679 4422 in
690 4372 734 4422 the
744 4371 860 4422 Arundel
903 4375 919 4401 ‘¹
931 4370 964 4421 lea
974 4370 1147 4436 Compsapres
1153 4368 1318 4419 deloPriorie
1327 4369 1401 4419 Seiae

362 4453 419 4506 MS.
439 4455 482 4504 the
498 4454 586 4504 reader
604 4452 628 4501 is
646 4452 756 4502 referred
773 4458 800 4500 to
817 4451 860 4501 the
903 4454 919 4479 “
932 4450 1040 4510 Andreas,
1062 4457 1129 4499 soatz
1159 4447 1181 4498 le
1201 4446 1254 4498 secl
1274 4447 1303 4497 de
1321 4456 1400 4498 nostre

362 4535 412 4585 eud
433 4533 464 4583 os
475 4533 519 4583 the
540 4532 687 4582 volume-‘⁶
704 4547 785 4595 quere
805 4529 860 4579 reli·
904 4531 919 4557 “
930 4536 1013 4589 secret,
1024 4545 1053 4577 ea
1065 4526 1173 4577 lobseuce
1183 4526 1212 4576 de
1222 4533 1301 4576 nosue
1309 4535 1401 4592 gruunt

361 4616 378 4641 ‘⁶
389 4627 460 4676 quun
479 4612 504 4659 in
516 4611 570 4673 fine
580 4608 637 4658 libri
649 4609 680 4668 ;''
689 4610 771 4659 where
790 4610 860 4659 bow·
903 4613 918 4636 “
929 4607 988 4667 seul,
1000 4607 1021 4658 Ie
1031 4623 1096 4656 xxx.
1108 4608 1169 4669 jour
1179 4605 1208 4655 de
1224 4605 1292 4670 Just,
1309 4604 1350 4655 Iun
1366 4605 1398 4655 du

361 4705 420 4741 ever
437 4690 458 4739 it
475 4690 498 4739 is
517 4696 562 4739 not
583 4696 609 4738 to
630 4690 662 4738 be
685 4690 770 4738 found.
804 4689 860 4738 The
903 4692 918 4715 “
935 4685 1157 4737 Graceucccxa.”

362 4775 461 4834 present
471 4784 537 4833 copy
544 4769 590 4817 has
600 4769 662 4817 been
674 4767 784 4817 inserted
795 4767 859 4816 from
935 4768 945 4795 ¹
957 4765 1000 4826 Et,
1013 4764 1083 4814 Harl.
1097 4769 1152 4814 655.

361 4849 404 4900 the
415 4855 469 4899 text
479 4849 510 4897 of
522 4846 717 4912 Hemingburgh
733 4848 782 4896 and
802 4845 858 4895 MS.
935 4842 1039 4893 ‘litteren
1046 4842 1178 4908 predicte,
1190 4842 1262 4895 Harl.
1274 4849 1330 4897 65⁵.

362 4927 502 4978 11111655.
544 4927 599 4977 The
607 4927 679 4977 letter
690 4926 712 4974 is
723 4927 776 4975 also
783 4925 858 4990 given
935 4926 945 4956 ⁸
957 4922 1067 4977 Omitted
1078 4923 1105 4972 in
1117 4923 1189 4975 llarl.
1202 4929 1257 4976 655.

361 5006 396 5075 by
402 5005 571 5072 Areeburyin
582 5004 624 5056 the
635 5003 743 5070 original
752 5004 860 5063 Enoch,
