3750 6250
697 1129 860 1182 ursacius
881 1129 1090 1181 arenosus.
1373 1113 1416 1185 79

346 1317 522 1384 ‚metuabat
545 1318 726 1389 decessitque
752 1319 782 1374 in
802 1319 938 1374 (lanciam
963 1335 1029 1373 eum
1055 1316 1243 1389 optimatibus
1271 1316 1342 1380 suis,
1369 1314 1584 1372 9911111999.

288 1390 342 1442 W·
369 1411 490 1459 ventum
519 1403 627 1457 ibidem
657 1403 780 1457 dominas
808 1402 1038 1474 praestolaturus.
1088 1401 1126 1456 In
1151 1400 1232 1455 nulle
1258 1406 1366 1465 991999,
1386 1407 1420 1455 99
1431 1439 1546 1489 me

288 1461 315 1574 ,Η
369 1487 504 1559 probavit
530 1494 632 1559 expcst
657 1488 701 1542 rei
727 1489 833 1552 exitus,
863 1505 915 1559 per
941 1488 996 1542 boc
1022 1486 1241 1541 matrimonium
1273 1486 1420 1556 promovit
1432 1505 1485 1555 fio„

369 1589 496 1642 regnum
509 1589 604 1627 sunm.
1431 1573 1536 1623 thereos.

405 1656 478 1712 Post
501 1675 608 1728 peuces
627 1656 689 1712 dies
707 1657 858 1711 redianmt
875 1656 967 1726 legati
986 1655 1077 1726 Regis
1095 1653 1222 1725 Angliie,
1243 1652 1420 1708 adducentes

370 1758 500 1797 sororem
518 1742 609 1810 Regis
629 1742 770 1805 Francia,
797 1741 913 1795 nominc
944 1743 962 1766 “
976 1738 1211 1808 Mergarctam;”
1239 1755 1327 1808 quem
1354 1755 1419 1792 con·

370 1825 454 1881 duxit
471 1826 538 1881 Dus
550 1826 739 1896 Burgimdiae,
754 1843 821 1879 cum
838 1843 895 1878 neu
914 1824 1028 1878 modica
1044 1822 1208 1878 multudine
1230 1820 1418 1877 Gallicorum.

371 1909 475 1964 Comes
495 1928 609 1981 qnoque
622 1909 791 1972 Britanniae,
810 1926 878 1963 cum
897 1907 1064 1979 proceribus
1083 1906 1139 1961 sibi
1158 1905 1293 1969 subditis,
1314 1904 1351 1959 ad
1368 1905 1420 1959 has

370 1995 487 2065 nuptias
516 1995 691 2065 properavit.
741 1992 904 2064 (lunatique
934 1993 995 2046 fero
1025 1992 1170 2063 principes
1196 1991 1347 2053 nominati,
1369 1990 1420 2059 qui

371 2078 445 2133 citra
475 2078 668 2150 Hispanniam
697 2077 894 2142 merebantur,
926 2083 1014 2131 tantae
1041 2076 1255 2147 desponsationi
1279 2076 1420 2129 interesse

371 2162 553 2234 gandebant:
582 2164 652 2234 quia
677 2163 816 2216 nimirum
842 2162 934 2231 Regis
959 2160 1096 2216 Ediverdi
1122 2159 1340 2230 magnificentia
1368 2176 1420 2229 per

371 2246 471 2301 orbem
488 2254 582 2301 totum
607 2246 736 2309 dilatata,
756 2251 875 2301 cunctos
901 2250 1059 2300 attraxerat
1076 2245 1106 2298 in
1123 2244 1338 2299 venerationem
1356 2259 1421 2314 per·
1433 2263 1563 2316 fflwp„

372 2349 449 2385 sonsa
468 2332 567 2402 regia,
591 2337 621 2385 et
638 2347 774 2385 amorem.
829 2329 936 2398 Igitur,
958 2328 1005 2382 die
1024 2334 1127 2400 quarto
1145 2335 1211 2399 post
1227 2328 1420 2382 Nativitatem
1432 2331 1557 2398 marriage
1564 2344 1591 2384 tc

372 2415 505 2485 Virginis
531 2415 676 2486 gloriosa,
697 2420 802 2485 agento
828 2413 1030 2469 cantuariensi
1056 2412 1204 2477 Pontifiee,
1232 2413 1264 2466 in
1289 2411 1422 2466 Ecclesia
1434 2396 1563 2463 Margaret

372 2497 596 2570 Metropolitanus
621 2499 738 2569 Angliui
756 2499 833 2553 iuter
851 2497 964 2568 Regem
982 2504 1012 2552 et
1028 2497 1226 2567 Margaretam
1252 2496 1421 2567 predictam
1434 2463 1587 2596 {ggffi

373 2583 541 2638 solemnitas
559 2583 738 2637 matrimonii
756 2581 929 2637 celebretur.
969 2580 1039 2650 Quae
1053 2581 1142 2636 fuerit
1162 2580 1281 2643 ibidem,
1301 2597 1359 2634 non
1377 2597 1422 2634 so·
1434 2598 1479 2647 ber
1491 2603 1561 2649 1299.

374 2666 435 2721 lum
460 2668 543 2737 regni
570 2665 717 2731 nobilitas,
745 2665 796 2720 sed
822 2665 1004 2720 diversarum
1029 2665 1182 2735 regionum
1199 2666 1331 2720 viromuu
1356 2681 1422 2719 ecn-

374 2755 496 2820 gregata
526 2750 699 2813 sublimitas,
732 2751 798 2819 quis
836 2751 962 2804 convivii
993 2756 1158 2820 apparatus,
1195 2767 1260 2819 qnae
1291 2749 1421 2820 profusio

374 2852 573 2906 expensarum,
601 2834 729 2888 seribere
748 2833 931 2904 supersedeo,
951 2851 988 2887 ne
1007 2833 1219 2905 ¹pancgyricon
1237 2833 1338 2888 videar
1356 2850 1422 2887 ecn-

375 2919 536 2990 scripsisse.
590 2918 716 2974 Duravit
740 2917 820 2972 ietud
844 2916 1006 2988 tripudium
1032 2935 1084 2988 per
1109 2917 1171 2970 dics
1197 2925 1336 2987 quatuor;
1356 2923 1422 2986 riost

376 3021 447 3073 quos
466 3004 603 3066 extranei,
624 3011 741 3073 accept-a
760 3001 934 3072 repatriandi
953 3002 1078 3065 lieentia,
1105 3009 1173 3056 sunt
1191 3000 1314 3064 dimissi,
1334 3001 1423 3054 maxi-

376 3088 430 3142 mis
449 3098 480 3142 99
496 3089 586 3142 variis
605 3085 772 3141 muneribus
791 3085 931 3140 honorati.

410 3172 445 3226 In
465 3173 539 3227 festo
559 3172 656 3227 Sancti
679 3171 799 3225 Martini
820 3170 1017 3224 Parliamento
1038 3169 1136 3224 habito
1155 3171 1231 3241 apud
1248 3170 1420 3233 Eboracum,
1436 3180 1590 3230 Parliement

376 3256 438 3311 Rex
469 3258 648 3311 Bereivieum
679 3254 874 3326 progreditur,
907 3253 1057 3308 intendens
1088 3254 1211 3308 ulterius
1241 3254 1423 3325 procedendo
1436 3248 1551 3297 111Υο99·

375 3358 540 3395 ammovere
570 3340 749 3394 obsidionem
775 3337 936 3401 Sestinum,
968 3339 1017 3408 qni
1049 3345 1177 3392 cestrum
1204 3338 1239 3391 de
1275 3338 1424 3410 Strivclyn

376 3424 556 3485 obsidebant,
571 3431 601 3478 et
617 3423 804 3478 vehementer
822 3422 957 3476 astabant
975 3422 1116 3477 obsessos,
1156 3421 1222 3483 Sed,
1237 3422 1422 3477 causantibus
1436 3430 1546 3479 Edvsrd

377 3508 544 3578 proceribus
563 3507 626 3561 lore
645 3506 794 3577 palustria,
816 3515 933 3576 propter
951 3505 1113 3559 brumalem
1132 3507 1344 3575 intemperiem,
1359 3523 1423 3560 csse
1436 3498 1566 3573 9139911099

377 3590 565 3653 inmedibilia,
587 3590 657 3652 Rex,
677 3589 859 3660 praemunitis
878 3596 962 3643 ceute
981 3590 1116 3653 obsessis,
1130 3596 1164 3644 99
1182 3590 1270 3643 salvis
1289 3590 1345 3645 sibi
1363 3592 1425 3645 vitu
1437 3562 1573 3640 19999199·

377 3684 407 3728 ct
424 3674 564 3727 membris
584 3682 711 3727 rastrum
731 3671 893 3735 redderent,
915 3674 1037 3727 ulterius
1056 3692 1114 3727 non
1130 3675 1281 3745 processit.
1437 3638 1530 3746 {¹32ss

413 3757 526 3812 Deinde
539 3758 599 3811 Rex
619 3758 725 3812 direxit
743 3756 897 3827 epistolem
914 3756 1142 3829 Arcbicpiscopo
1162 3758 1374 3823 Cantuaricnsi,
1395 3759 1425 3812 iu
1438 3762 1547 3827 Stirlicg

378 3840 439 3896 haec
459 3843 600 3897 verbaz-
1438 3828 1530 3881 cmli-

414 3928 433 3953 ‘⁶
448 3926 522 3994 Quia
558 3926 756 3995 magnificavit
786 3925 927 3978 Dominus
958 3924 1187 3980 misericordiam
1217 3946 1300 3981 suem
1329 3929 1424 3982 lacere
1437 3949 1486 3997 Hi,
1497 3948 1570 3999 1021st

379 4014 397 4035 ‘¹
418 4010 577 4073 nobiseum,
599 4010 722 4079 digmnm
740 4015 794 4071 est,
818 4008 842 4062 Ο
861 4015 952 4078 pater,
968 4018 1000 4063 ut
1019 4010 1179 4064 innumeris
1197 4011 1343 4066 benefieiis
1363 4012 1423 4065 suis
1437 4024 1463 4064 to
1474 4014 1517 4065 the

380 4098 397 4119 ¹⁴
418 4094 514 4164 dignis
527 4094 751 4165 respondeamus
765 4092 908 4163 operibus.
945 4092 1049 4162 Neque
1068 4095 1145 4148 enim
1164 4095 1194 4148 iu
1212 4096 1310 4164 gladic
1327 4102 1425 4149 nostro
1437 4081 1522 4159 ‘'fild“

379 4184 397 4204 ·‘
417 4178 598 4249 possidemus
623 4185 741 4240 terram,
765 4183 795 4231 et
820 4176 971 4231 brachium
996 4186 1128 4232 nostrum
1145 4147 1568 4266 nonsalvavitrios‚l(‘3¹;³}1¹{'9¹‡}'f

380 4274 397 4288 ··
418 4261 469 4315 scd
487 4262 606 4316 dextera
623 4262 696 4331 ejus,
720 4270 750 4315 et
768 4260 919 4315 brachium
945 4269 1077 4316 serratum
1103 4263 1183 4332 ejus;
1203 4265 1274 4333 quin
1301 4263 1509 4346 comple-bury¹

380 4354 398 4372 ¹·
418 4347 479 4400 enit
496 4346 541 4399 illi
561 4347 590 4399 in
608 4346 699 4403 nobis.
721 4352 754 4399 ut
771 4345 921 4414 humusque
947 4348 1130 4400 conservavit
1153 4364 1214 4409 nos,
1238 4355 1267 4401 99
1293 4347 1425 4400 inimicos

381 4436 398 4455 ¹·
419 4436 531 4483 nostros
567 4431 753 4499 compescuit.
806 4429 924 4483 lustum
957 4430 1077 4499 proinde
1113 4438 1167 4492 est,
1193 4438 1227 4483 ut
1253 4431 1303 4500 qui
1329 4430 1426 4483 omnio

381 4525 398 4540 ··
420 4514 543 4583 subjecit
562 4513 616 4567 sub
634 4513 755 4583 pedibus
775 4514 890 4574 nostris.
911 4514 1100 4582 subjiciemus
1119 4514 1164 4567 illi
1182 4510 1294 4568 et²uos
1314 4515 1425 4569 animas

381 4610 399 4624 '¹
420 4607 547 4659 nostiam
569 4610 599 4651 et
617 4608 649 4651 ut
667 4598 718 4657 bii,
740 4616 810 4667 quius
829 4598 911 4650 nobis
931 4597 1069 4653 subdidit.
1092 4598 1155 4665 ejus
1176 4598 1336 4653 subdantur
1353 4599 1426 4669 legi·

381 4687 399 4708 ‘⁶
420 4681 482 4734 bus.
531 4681 593 4734 Non
619 4682 696 4733 sunm
722 4682 852 4749 segniter
878 4679 1026 4733 elribcraie
1046 4681 1183 4735 debemus
1209 4684 1313 4752 punire
1337 4684 1424 4737 sacri-

381 4770 399 4791 “
421 4765 511 4833 logos,
531 4763 654 4818 rebelles
673 4765 872 4835 comprimere,
893 4765 1006 4835 eripere
1034 4782 1189 4836 pauperem
1208 4766 1244 4822 da
1262 4786 1349 4822 menn
1369 4768 1424 4821 fcr-

416 5078 422 5106 ¹
429 5078 607 5141 muncyniren
621 5076 715 5141 iuorlg.
897 5074 902 5143 Ι
949 5076 1079 5129 ’Omitted
1089 5078 1116 5129 in
1128 5078 1260 5132 eamdent
1270 5086 1331 5130 text
