3750 6250
660 1113 822 1169 marcam
845 1117 1050 1168 ananiense
1319 1104 1381 1166 435

282 1306 304 1357 l.
332 1306 518 1362 observantes
535 1306 626 1361 maris
644 1305 773 1370 semitas,
793 1309 823 1360 et
839 1308 958 1375 propter
975 1301 1151 1375 paucitatem
1168 1302 1296 1366 navium,
1317 1317 1382 1372 quas
1394 1297 1548 1353 11111380.

333 1407 391 1445 non
419 1391 518 1462 plures
549 1388 637 1445 simul
667 1406 702 1444 ex
728 1390 771 1444 eis
797 1386 986 1444 transvehere
1016 1391 1157 1458 poterant,
1185 1386 1338 1458 elegerunt
1363 1377 1528 1455 aThtsssst·

334 1473 461 1530 Deveria
479 1479 509 1528 et
527 1472 676 1528 Sandwico
700 1471 737 1526 ad
755 1472 900 1527 Calesiam
918 1471 1015 1542 copias
1033 1470 1200 1535 transferre,
1221 1475 1251 1525 et
1268 1470 1310 1524 ita
1327 1486 1380 1540 per
1393 1443 1443 1493 ¹¹⁸¹¹
1455 1459 1527 1562 ”¹1:¹5

335 1573 449 1612 omnem
467 1556 621 1611 Franciam
648 1556 790 1625 equitare,
811 1554 901 1609 donee
919 1553 1101 1608 Britanniam
1119 1552 1323 1624 pervenirent3
1342 1569 1379 1606 ne
1391 1526 1519 1643 wgfy

336 1657 388 1711 per
416 1640 609 1711 longinquum
644 1654 725 1693 mare
761 1638 886 1710 sparsim
922 1637 1047 1707 trajecti,
1073 1636 1225 1707 dispendia
1266 1636 1381 1692 numeri
1395 1644 1479 1695 Calais
1490 1645 1528 1695 ia-

334 1739 453 1778 euorum
470 1723 621 1777 hominum
638 1722 798 1792 piratarum
815 1726 984 1791 paterentur
1001 1720 1129 1775 incursu.
1394 1719 1421 1761 ‘0
1432 1713 1495 1762 Βῖθ-

372 1807 518 1862 Johannes
545 1806 697 1877 Philipott,
726 1806 799 1860 civis
823 1802 1047 1869 Londcniarum,
1072 1805 1104 1859 iri
1127 1786 1476 1876 intepretationem·

336 1890 451 1945 laudem
469 1890 631 1962 promeruit
648 1893 678 1944 et
695 1887 843 1953 honorem,
864 1889 914 1961 qui
933 1892 963 1943 et
983 1889 1026 1943 eis
1044 1906 1132 1944 naves
1149 1890 1267 1960 proprio
1284 1888 1383 1943 labore
1397 1883 1476 1960 Gfeat
1486 1897 1538 1931 fler·

336 1974 480 2039 oonduxit‚
500 1979 530 2029 et
553 1979 689 2044 gravatos
713 1961 775 2028 aare¹
794 1973 899 2037 alieno,
921 1978 1041 2044 propter
1063 1972 1181 2043 longam
1195 1974 1281 2045 juxta
1303 1988 1383 2027 mare
1395 1964 1532 1999 menen·

336 2061 457 2122 moram,
470 2063 505 2113 'ut
522 2057 638 2122 assolet,
658 2074 719 2129 praa
737 2057 935 2128 expectatione
952 2058 1070 2112 navium
1089 2062 1140 2112 aut
1157 2058 1320 2123 ductorum,
1334 2056 1383 2111 ab·
1396 2016 1553 2146 ῗξέθέχζὲῶ,

337 2141 425 2198 solvit
442 2159 460 2197 a
478 2140 594 2206 debitis,
614 2140 807 2197 creditoribus
829 2140 1020 2205 satisfaciens,
1050 2140 1123 2210 ¹[et]
1150 2142 1298 2196 cautiones
1322 2139 1383 2196 suis
1396 2148 1450 2197 tion
1462 2149 1497 2213 by

336 2224 461 2280 dominis
479 2225 652 2290 restituens3
673 2225 725 2295 qni
736 2225 851 2288 loricas,
865 2224 998 2288 laminas,
1013 2224 1150 2289 cassides,
1165 2223 1273 2295 galeas,
1288 2240 1383 2288 arcus,
1397 2216 1468 2293 ³⁰¹3?

337 2308 461 2374 lanceas,
480 2314 510 2365 et
530 2309 588 2363 alia
603 2314 757 2363 armatura
776 2325 893 2380 genera,
913 2325 966 2378 pro
984 2308 1160 2363 victualibus
1178 2307 1382 2373 vadiaverant3
1396 2282 1517 2346 plum·

338 2393 443 2465 quibus
461 2410 580 2449 neeesse
601 2393 697 2447 fuerat
713 2392 762 2448 vel
785 2410 842 2447 non
859 2393 994 2457 transire,
1016 2409 1069 2463 pro
1091 2392 1215 2457 defectu,
1241 2398 1274 2447 ut
1293 2390 1384 2463 ⁹prae-

337 2476 453 2541 dicitur,
479 2482 643 2542 armatura,
666 2476 787 2547 prael'ato
805 2474 891 2530 modo
912 2476 1059 2546 expositae,
1085 2475 1133 2530 vel
1157 2480 1235 2530 certo
1259 2475 1384 2531 inermes

336 2561 452 2616 omnino
477 2559 631 2632 proficisci.
679 2558 803 2630 ³Accepi
829 2561 931 2630 utique
957 2558 993 2614 ab
1019 2577 1068 2614 ore
1093 2558 1223 2630 ejusdem
1244 2557 1384 2614 Johannis

336 2645 488 2716 Philipott,
506 2644 583 2715 quod
601 2642 682 2698 mille
699 2643 805 2698 loricas
824 2643 871 2697 vel
889 2643 1013 2708 tunicas,
1034 2660 1106 2714 quas
1124 2643 1215 2714 vulgo
1229 2644 1247 2669 “
1254 2642 1383 2712 jakkee”

335 2733 448 2791 vocant,
465 2727 624 2782 redemerit
638 2726 674 2781 de
689 2727 823 2781 manibus
838 2726 1024 2781 creditorum.
1062 2727 1191 2782 Profecti
1208 2733 1306 2782 autem
1319 2743 1384 2782 nos·
1397 2731 1452 2780 The
1463 2730 1531 2793 Eng-

335 2818 426 2868 trates
444 2827 559 2867 omnem
571 2810 698 2866 Galliam
715 2810 982 2881 circumequitando
994 2817 1182 2882 gyraverunt,
1195 2812 1321 2882 patriam
1337 2809 1385 2865 de·
1397 2798 1447 2846 lish
1459 2798 1500 2859 lay

335 2895 498 2967 praedantes
516 2895 547 2950 in
564 2894 701 2949 vastitate
718 2893 827 2958 hostili,
840 2893 927 2949 villas
945 2899 976 2948 et
992 2893 1102 2964 praedia
1120 2894 1334 2959 succendentes,
1355 2899 1385 2950 et
1397 2872 1473 2942 ΨΜ
1484 2862 1526 2912 ⁰¹⁰

336 2980 477 3051 populum
497 2980 560 3034 sine
580 2984 715 3050 respectu
733 2977 956 3033 ⁴misericordia
973 2979 1004 3032 in
1019 2996 1069 3033 ore
1087 2978 1180 3050 gladii
1197 2979 1382 3050 perimentes,
1396 2939 1521 3061 ζὲῗῗιῗ

337 3063 427 3119 donee
446 3063 483 3119 ad
504 3063 627 3118 confinia
645 3060 805 3118 Britannia
825 3061 1035 3134 pervenissent,
1050 3063 1165 3118 nemine
1184 3080 1285 3117 corum
1297 3080 1384 3118 ausus
1397 3064 1468 3113 trica
1479 3062 1509 3111 os

338 3147 479 3220 impedire
503 3152 705 3219 praesumente,
732 3146 767 3201 de
791 3152 852 3202 tam
876 3147 986 3202 famoso
1010 3164 1110 3217 regno.
1147 3149 1257 3203 Tantus
1282 3147 1384 3218 utique
1398 3132 1502 3180 Franee.

337 3238 431 3288 terror
455 3232 534 3303 ipsos
558 3231 685 3286 Francos
707 3229 815 3285 invasit
838 3235 871 3285 ut
891 3229 922 3285 in
946 3230 1125 3301 amplissimo
1149 3247 1249 3302 regno,
1272 3232 1302 3285 in
1327 3248 1384 3301 quo
1397 3235 1490 3299 Abject
1504 3232 1556 3281 sear

339 3315 420 3370 mille
442 3332 556 3386 semper
573 3314 632 3370 riri
651 3313 776 3384 singulis
798 3331 833 3368 ex
851 3311 1014 3385 Anglicano
1032 3313 1161 3369 exercitu
1179 3314 1284 3386 opponi
1302 3320 1385 3385 potu·
1397 3299 1545 3352 manifested

339 3405 430 3463 erant,
445 3399 532 3454 citius
549 3397 701 3469 eligerent,
718 3414 798 3452 more
814 3397 1009 3464 loeminarum,
1023 3396 1149 3453 latebras
1168 3415 1198 3453 se
1217 3397 1386 3453 occultando
1397 3368 1496 3487 mg]

340 3500 479 3555 quarere,
498 3498 586 3553 qnam
602 3480 787 3552 glomeratim
802 3479 973 3552 Anglicanis
989 3482 1145 3552 manipulis
1162 3481 1288 3536 obviare.
1324 3482 1387 3536 Tua
1498 3471 1506 3484 '

340 3572 410 3623 sunt
423 3584 511 3638 opera
527 3567 599 3631 haec,
619 3565 744 3630 Christe,
764 3571 817 3620 tua
833 3565 983 3631 miracula,
1003 3565 1075 3620 Jesu
1090 3564 1173 3630 bone,
1194 3567 1242 3620 cui
1259 3571 1387 3638 potestas

341 3656 386 3707 est
409 3649 556 3714 dimicare,
579 3660 631 3704 seu
654 3649 780 3714 vincere,
800 3648 832 3703 in
854 3649 956 3720 paucis
979 3666 1060 3720 aeque
1078 3657 1113 3705 ut
1136 3650 1167 3703 in
1190 3642 1310 3715 multis;
1337 3649 1388 3720 qui

340 3733 394 3790 tibi
414 3729 621 3789 famulantibus
640 3732 718 3788 inter
737 3732 964 3788 confertissimos
977 3728 1075 3788 hostes
1087 3739 1185 3788 tutum
1197 3733 1253 3788 iter
1265 3732 1387 3805 praebes,

342 3825 373 3875 et
402 3818 562 3874 vindictam
594 3817 732 3872 retribuis
766 3819 797 3872 in
820 3818 919 3873 hostes
943 3822 1074 3883 nostros3
1106 3821 1155 3872 ‘tu
1180 3817 1258 3872 enim
1281 3818 1387 3881 iecisti,

340 3908 376 3958 ut
398 3909 496 3959 essent
519 3900 683 3956 immobiles
697 3902 781 3972 quasi
805 3899 890 3972 lapis,
917 3901 1008 3955 donee
1038 3901 1229 3972 pertransiret
1258 3903 1384 3974 populus

340 3993 418 4052 tuus,
440 3985 574 4050 Domine,
591 3985 735 4040 exercitus
751 3984 942 4056 Anglicanus,
967 3985 1018 4056 qui
1037 4002 1095 4040 non
1111 3985 1144 4040 in
1162 3983 1299 4056 superbia
1317 3987 1388 4041 etin

342 4069 479 4126 abusione
500 4084 624 4140 regnum
643 4067 774 4124 Francia
799 4068 957 4140 subjugare
982 4066 1123 4135 laborant,
1149 4068 1201 4126 sed
1225 4070 1390 4142 injustitia

341 4160 372 4209 et
391 4154 536 4225 inquitate,
559 4159 589 4210 et
607 4153 772 4209 innocentia
788 4150 880 4224 Regis
900 4153 956 4219 sni,
973 4154 1049 4224 justi
1069 4152 1193 4211 haeredis
1213 4151 1389 4211 Francorum

341 4237 435 4308 regni,
455 4237 564 4293 confisi.

646 4408 796 4496 Capitur
818 4408 921 4476 numa
944 4408 1084 4477 Sentice.

375 4533 434 4589 Per
457 4534 538 4590 istud
563 4539 679 4606 tempus
696 4535 754 4591 viri
772 4535 807 4589 de
825 4534 898 4590 villa
915 4534 951 4588 de
972 4534 1063 4589 Hulle
1082 4540 1112 4590 et
1129 4533 1165 4588 da
1185 4532 1270 4591 Novo
1288 4534 1390 4592 Castro

342 4636 430 4690 super
441 4619 563 4690 Tyriam,
578 4618 780 4673 communibus
798 4619 874 4674 votis
893 4618 1016 4688 egressi,
1030 4617 1068 4672 ad
1084 4617 1246 4688 piratarum
1258 4621 1308 4689 qui
1326 4625 1390 4675 tum

376 4827 383 4855 ¹
393 4825 513 4890 Supplied
540 4826 604 4877 from
632 4826 700 4876 Bibl.
722 4825 785 4891 Reg.
811 4829 840 4874 13
892 4831 959 4875 texts
970 4844 976 4883 3
989 4824 1115 4874 corrected
1123 4825 1187 4874 from
1199 4824 1265 4876 Bibl.
1281 4828 1344 4893 Reg.
1360 4833 1390 4877 13

342 4903 373 4954 Ε.
384 4905 420 4954 ix.
432 4906 483 4954 and
492 4903 536 4956 the
547 4905 645 4971 printed
656 4912 730 4956 texts.
892 4904 921 4953 E.
929 4903 966 4953 ix.

375 4983 487 5034 ’dieitur
498 4985 526 5033 in
537 4984 580 5035 the
590 4985 689 5049 printed
700 4992 774 5035 texts,
926 4984 935 5012 ⁴
947 4982 1059 5035 Omitted
1070 4983 1097 5033 in
1109 4983 1152 5036 the
1162 4985 1262 5049 printed
1272 4992 1346 5039 texts.

380 5060 613 5129 'Acceptilnorlg
629 5065 679 5115 and
690 5063 733 5115 the
740 5062 841 5129 printed
925 5061 1086 5127 ο1111110113.

1148 5159 1171 5208 n
1193 5161 1215 5208 u
1237 5148 1259 5211 2
