3750 6250
731 1120 1121 1172 u1srosmsnoa1osrn
1403 1107 1464 1171 361

292 1312 311 1361 ὃ.
324 1311 392 1361 Bibl.
429 1314 448 1338 ‘⁶
468 1318 498 1367 et
509 1311 575 1367 aliis
588 1309 937 1381 Sanctis—suppositum
961 1308 1066 1381 ¹hujus
1078 1306 1358 1364 duodecimae.-Isti
1373 1312 1471 1362 tamen
1483 1311 1551 1363 Ab.
1566 1314 1636 1362 1379.

293 1394 319 1455 Β·
335 1382 364 1429 ¹³
430 1399 449 1422 “
468 1413 525 1450 non
550 1394 647 1450 obstat
673 1393 751 1464 quod
777 1395 896 1465 exigant
922 1393 1094 1465 temporalia
1122 1410 1176 1464 per
1192 1409 1329 1447 censuras
1355 1390 1472 1446 ecolesi-

300 1460 337 1494 ¹¹·
429 1483 447 1507 ‘⁴
467 1479 574 1534 astices
591 1477 752 1533 accessorio
770 1477 808 1532 ad
824 1476 1050 1531 vindicationem
1068 1475 1124 1531 Dei
1143 1476 1199 1531 sui.

463 1560 570 1634 “[13.]
588 1561 656 1617 Non
674 1567 719 1617 est
738 1561 886 1633 possibile,
906 1560 942 1615 de
961 1560 1017 1615 Dei
1030 1560 1159 1632 potentia
1176 1559 1317 1625 absolute,
1344 1557 1421 1630 quod
1447 1558 1473 1612 si

429 1652 447 1675 ‘⁶
467 1647 547 1718 Papa
564 1645 612 1701 vel
639 1646 715 1700 alius
742 1644 928 1701 Christianus
955 1644 1118 1715 praetendat
1144 1662 1176 1699 se
1202 1642 1391 1714 quovismbdo
1417 1641 1473 1696 sol·

429 1735 447 1758 “
466 1748 534 1788 vere
561 1730 608 1786 vel
638 1730 743 1800 ligare,
771 1747 806 1784 eo
831 1730 895 1800 ipso
923 1728 966 1783 sic
993 1727 1082 1783 solvit
1105 1728 1154 1782 vel
1180 1726 1473 1798 ligat-Oppositum

428 1820 447 1844 ‘⁶
467 1815 552 1870 istius
571 1814 734 1869 destrueret
761 1818 852 1868 totam
878 1810 965 1866 fidem
991 1810 1182 1875 Catholioaru,
1201 1813 1285 1867 'cum
1309 1810 1475 1880 implicaret

429 1903 448 1924 ‘⁴
470 1897 689 1969 'blasphemum
715 1901 905 1967 usurpantem
932 1893 1022 1950 talem
1047 1894 1210 1950 absolutam
1234 1894 1393 1966 potentiam
1416 1893 1474 1947 Do-

430 1986 449 2009 “
468 1982 594 2036 mini-
607 1978 797 2052 Suppositum
843 1978 952 2048 ⁴hujus
1003 1977 1352 2034 tertiadecima-Per
1387 1977 1474 2032 istam

431 2071 450 2093 ‘⁶
470 2064 693 2121 Conclusionem
722 2081 780 2118 non
810 2063 929 2118 intendo
962 2062 1103 2134 derogare
1133 2062 1268 2133 potestati
1298 2060 1395 2133 Papa,
1427 2059 1475 2115 vel

431 2154 449 2177 ‘⁴
470 2150 670 2220 cujuscunque
690 2147 804 2220 praelati
817 2146 967 2211 Ecclesiae,
982 2146 1053 2217 quin
1067 2152 1190 2218 possunt
1201 2146 1231 2200 in
1242 2145 1352 2200 virtute
1371 2144 1475 2217 capitis

432 2237 450 2260 '⁴
469 2233 563 2303 ligare
576 2238 606 2287 et
623 2231 746 2286 solvere.
783 2230 923 2301 Intelligo
935 2236 1033 2285 autem
1050 2229 1273 2284 conditionalem
1289 2234 1425 2299 negatam
1442 2234 1476 2283 ut

432 2315 680 2387 “impossibilem
699 2314 737 2369 ad
761 2313 838 2368 hunc
857 2331 994 2380 sensum;
1021 2314 1098 2385 quod
1122 2331 1179 2369 non
1203 2319 1381 2385 potestesse
1399 2312 1476 2383 quod

431 2405 449 2427 ·‘
469 2399 558 2471 Papa,
579 2398 627 2453 vel
646 2398 722 2454 elius
740 2397 879 2469 praelatus
897 2397 1047 2461 Ecclesia,
1067 2397 1222 2468 praetendit
1239 2414 1270 2452 se
1289 2395 1477 2467 quovismodo

430 2488 449 2510 “
469 2483 581 2537 solvere
598 2482 647 2536 vel
664 2481 768 2552 ligare,
787 2481 845 2535 nisi
867 2498 902 2535 eo
919 2481 983 2552 ipso
1003 2481 1045 2535 sio
1066 2480 1187 2536 solverit
1204 2481 1253 2535 vel
1273 2480 1428 2552 ligaverit3
1448 2487 1477 2536 et

431 2571 449 2593 “
469 2574 539 2620 tunc
562 2584 619 2620 non
642 2571 739 2636 potest
762 2582 827 2619 esse
850 2563 1018 2636 peccabilis.

466 2653 485 2676 ‘⁶
506 2646 578 2719 [14]
599 2647 724 2703 Credere
742 2647 891 2713 debemus,
918 2648 996 2719 quod
1014 2655 1083 2703 tunc
1108 2648 1202 2704 solum
1220 2647 1295 2718 ligat
1317 2648 1365 2703 vel
1389 2647 1477 2702 solvit

431 2732 581 2788 “Christi
612 2731 764 2787 ⁵sacerdos
794 2731 976 2803 simpliciter,
1008 2729 1156 2801 ⁰[quando
1181 2732 1245 2802 agit
1275 2729 1473 2801 conformiter]

432 2822 450 2843 ‘⁶
471 2816 531 2887 legi
549 2814 660 2871 Christi
670 2833 769 2886 ;-pro
788 2833 823 2870 eo
844 2814 922 2886 quod
943 2833 1001 2870 non
1019 2815 1090 2870 licet
1102 2815 1159 2870 sibi
1184 2816 1226 2888 sic
1239 2816 1343 2881 facere,
1364 2816 1422 2871 nisi
1446 2815 1476 2869 in

432 2905 450 2926 ‘⁶
470 2900 579 2955 virtute
603 2899 679 2970 legis
697 2899 788 2963 illius,
815 2906 845 2954 et
868 2916 920 2969 per
941 2916 1120 2969 consequens
1138 2899 1197 2953 nisi
1216 2899 1331 2969 quando
1349 2906 1394 2955 est
1411 2917 1476 2954 con-

434 2988 452 3009 “
472 2984 604 3037 formitas
623 2982 684 3053 legi
703 2982 758 3037 illi.

469 3070 487 3094 “
508 3063 581 3138 [lb]
594 3065 660 3120 Hoc
672 3064 759 3120 debet
770 3064 850 3119 credi
861 3083 914 3137 pro
928 3065 1088 3132 Catholicc,
1104 3065 1181 3136 quod
1199 3065 1322 3136 quilibet
1334 3065 1477 3129 sacerdos,

435 3155 452 3176 “
473 3151 528 3204 rite
553 3150 703 3204 ordinatus
728 3149 888 3204 secundum
923 3149 1021 3219 legem
1044 3150 1157 3220 gratiae,
1188 3148 1276 3204 habet
1306 3155 1479 3218 potestatem

436 3240 454 3260 ‘⁶
475 3233 634 3289 secundum
659 3251 747 3304 quam
771 3239 868 3303 potest
885 3238 1066 3288 sacramenta
1085 3232 1223 3304 quaslibet
1240 3232 1399 3287 secundum
1417 3251 1480 3304 spe·

435 3319 548 3373 “ciem
578 3318 754 3380 ministrare,
787 3323 817 3372 et
850 3333 902 3389 per
938 3334 1117 3388 consequens
1153 3316 1209 3371 sibi
1246 3317 1409 3371 consessum
1444 3317 1481 3371 de

436 3405 454 3428 “
474 3418 646 3471 quocunque
664 3406 783 3472 peccato
795 3401 953 3455 contritum
968 3401 1269 3457 absolvere-'Patet
1286 3418 1321 3455 ex
1339 3419 1382 3466 eo,
1405 3401 1481 3471 quod

436 3488 602 3555 “potestas
627 3482 815 3538 sacerdotalis
839 3501 896 3537 non
921 3483 1028 3539 sufficit
1051 3484 1147 3554 majus
1170 3485 1218 3539 vel
1248 3486 1344 3540 minus
1374 3485 1405 3540 in
1429 3503 1483 3540 sua

436 3572 455 3596 ‘⁴
475 3568 609 3623 essentia.
659 3567 823 3622 Potestates
859 3573 957 3622 tamen
992 3567 1163 3622 inferiorum
1195 3569 1377 3647 sacerdotum
1406 3588 1483 3624 nunc

437 3655 455 3678 ‘⁶
476 3660 544 3706 suut
562 3649 774 3705 rationabiliter
793 3650 946 3714 restrictas,
973 3656 1002 3705 et
1026 3651 1098 3705 alias
1122 3651 1154 3704 in
1177 3651 1281 3707 ultimo
1301 3653 1483 3708 necessitatis

437 3737 456 3761 “
476 3733 599 3789 articulo
618 3738 687 3788 sunt
702 3733 1043 3804 laratae.—Suppositum
1064 3733 1168 3804 'hujus
1197 3735 1480 3805 quintas-decimas.—

438 3821 456 3844 “
475 3818 514 3871 Et
539 3817 582 3873 sic
610 3816 769 3871 seeundum
799 3816 943 3881 doctores,
969 3822 1015 3871 est
1047 3816 1116 3871 dare
1140 3817 1172 3870 in
1194 3818 1314 3888 praelato
1338 3818 1484 3891 duplicem

439 3904 458 3926 “
478 3905 660 3972 potestatem,
675 3899 789 3954 scilicet
805 3903 980 3971 potestatem
1004 3899 1124 3962 ordinis,
1150 3906 1181 3955 et
1198 3908 1372 3972 potestatem
1393 3902 1482 3973 juris·

440 3983 614 4038 “dictionis
638 3983 700 4036 sive
724 3982 887 4052 regiminis,
913 3989 944 4037 et
974 3982 1068 4053 quoad
1101 3982 1182 4037 illam
1207 3993 1275 4041 sunt
1303 3986 1425 4057 praelati,
1451 3992 1485 4039 ut

441 4070 460 4092 “
480 4065 638 4135 superioris
656 4064 819 4134 majestatis
840 4071 871 4120 et
889 4066 1052 4136 regiminis.

478 4151 496 4175 “
517 4144 590 4218 [16.]
610 4147 693 4202 Licet
716 4148 846 4217 regibus,
878 4149 909 4202 in
933 4149 1050 4205 casibus
1068 4150 1204 4206 limitetis
1235 4170 1253 4206 a
1273 4151 1349 4222 juro,
1370 4152 1485 4205 auferre

443 4231 652 4303 “temporalia
672 4250 690 4286 a
713 4232 785 4286 viris
810 4232 1016 4289 ecclesiasticis
1035 4235 1107 4305 ipsis
1131 4235 1319 4290 habitualiter
1342 4235 1484 4289 abutenti-

444 4322 462 4343 “
481 4315 668 4370 bus-Patet
691 4331 727 4369 ex
750 4315 813 4380 hoc,
834 4316 911 4386 quod
936 4317 1045 4374 domini
1076 4318 1251 4388 temporales
1282 4318 1390 4374 dcbcnt
1419 4319 1485 4388 plus

444 4399 568 4454 “inniti
594 4398 740 4469 spirituali
762 4398 952 4470 eleemosynae
976 4403 1089 4457 fructus
1114 4401 1276 4456 ’uberioris
1301 4419 1388 4471 quam
1412 4401 1486 4456 clee-

523 4543 530 4545 ,
539 4541 604 4546 -,....
617 4540 717 4546 ...m—-
740 4540 775 4544 »ο-
784 4540 838 4546 ---
949 4542 1481 4552 -..m.„—-—----..

477 4628 482 4656 ¹
495 4625 607 4674 liebertus
615 4626 642 4674 iu
651 4626 694 4675 the
705 4626 803 4690 printed
816 4635 890 4676 texts.
1022 4632 1031 4657 ⁶
1043 4629 1163 4693 Supplied
1175 4631 1239 4678 from
1251 4629 1317 4678 Bibl.
1335 4631 1397 4695 Reg.
1413 4639 1442 4681 13
1455 4635 1483 4684 Ε.

476 4708 485 4735 '²
497 4713 602 4753 tamense
612 4705 639 4753 in
645 4705 687 4754 the
695 4706 794 4769 printed
802 4714 875 4755 texts.
989 4713 1034 4760 ix.:
1054 4711 1158 4761 omitted
1169 4712 1196 4760 in
1206 4712 1248 4762 the
1259 4712 1359 4775 printed
1370 4723 1443 4765 texts.

477 4782 665 4848 “blasphemiam
674 4783 701 4832 in
710 4783 752 4834 the
760 4785 859 4848 printed
867 4794 941 4834 texts.
1021 4790 1200 4853 'Apparently
1223 4790 1320 4840 written
1336 4803 1435 4858 potetur
1456 4797 1483 4845 in

480 4866 485 4890 ¹
497 4861 609 4911 labemus
618 4863 645 4910 iu
656 4863 699 4913 the
707 4865 805 4926 printed
817 4873 891 4913 texts.
987 4867 1049 4931 orig.

478 4940 618 4998 ³rccerdos,
644 4957 697 4989 cum
724 4940 863 5006 simpliciter
898 4942 943 5008 Icpi
1022 4943 1155 4993 “latenas
1166 4946 1192 4994 in
1202 4947 1244 4998 the
1255 4950 1354 5009 printed
1363 4961 1435 5002 texts.

450 5019 543 5068 chrisa·
558 5028 639 5083 poree,
661 5037 708 5084 pro
730 5039 764 5082 eo,
787 5029 829 5070 etr.
852 5022 877 5070 iu
901 5023 943 5072 the
1023 5023 1163 5073 ”liberiores
1188 5027 1285 5090 serati
1305 5049 1376 5095 prtum
1393 5033 1421 5081 in
1447 5033 1489 5083 the

452 5099 550 5162 printed
561 5105 634 5147 texts
965 5108 968 5137 i
991 5102 1089 5166 printed
1107 5111 1178 5153 texts.
