3750 6250
751 1159 915 1208 nrsroars
937 1157 1142 1209 anomocus.
1412 1145 1477 1207 459

282 1335 403 1389 isloni.
432 1331 621 1395 ost-animo
651 1332 693 1386 ita
720 1332 913 1396 conciderant,
945 1338 980 1386 ut
1008 1349 1057 1386 eos
1088 1331 1183 1401 magis
1214 1330 1326 1385 similes
1356 1329 1560 1383 mortuis-Ad).
1575 1338 1645 1382 1³81.

283 1426 327 1491 ἐξ·
344 1411 373 1454 ¹³
433 1433 521 1485 quam
538 1415 614 1470 vivis
632 1421 791 1487 reputares.
829 1416 947 1471 Mortua
964 1415 1117 1470 euimerat
1135 1416 1166 1469 in
1179 1414 1221 1469 eis
1234 1414 1480 1469 omnismomoria

284 1495 342 1530 ·¹¹·
433 1499 577 1569 quondam
603 1500 676 1554 bene
706 1506 798 1571 gestae
824 1501 948 1564 militia,
975 1500 1102 1556 extincta
1130 1499 1291 1554 recordatio
1321 1497 1479 1554 antehabiti

432 1583 542 1654 vigoris
573 1588 603 1638 et
631 1584 743 1653 gloriae,
775 1590 813 1648 ot,
845 1591 880 1638 ut
902 1584 1071 1638 concludam
1095 1584 1233 1647 breviter,
1259 1587 1440 1637 emarcuerat
1463 1599 1481 1635 a

431 1667 504 1721 faeie
522 1667 706 1723 rusticorum⁴
717 1685 789 1739 pene
808 1669 899 1723 totius
917 1667 1052 1738 Loogrim
1070 1668 1163 1722 omnis
1187 1667 1309 1721 audacia
1331 1665 1478 1720 militaris.

418 1750 508 1805 :Nam
529 1751 595 1822 quis
616 1770 745 1823 unquam
765 1751 947 1815 credidisset,
968 1769 1027 1805 non
1047 1752 1142 1806 solum
1162 1752 1297 1815 rusticos,
1319 1750 1371 1805 sed
1390 1750 1479 1805 rusti·
1492 1742 1614 1823 Ossmgefl

431 1853 531 1890 eorum
557 1836 780 1907 abjectissime,
807 1854 864 1891 non
890 1836 1000 1906 plures,
1028 1835 1081 1890 sed
1099 1835 1240 1906 singulos,
1260 1834 1367 1889 audere
1385 1834 1478 1889 thala·
1491 1813 1650 1929 fflffinffle

431 1937 512 1973 mum
524 1920 626 1990 Regis,
639 1920 687 1975 vel
705 1921 808 1976 matris
827 1920 901 1990 ejus,
921 1937 989 1974 cum
1006 1918 1118 1974 baculis
1137 1920 1302 1974 subintrare
1314 1919 1476 1982 vilissimis,
1491 1895 1641 2011 insurgeym

431 2008 461 2058 et
478 2021 714 2075 unumquemque
733 2004 769 2059 de
787 2003 930 2059 militibus
952 2004 1100 2059 deterrere
1125 2004 1222 2068 minis,
1242 2010 1272 2059 ot
1298 2003 1478 2074 quorundam

431 2088 678 2143 nobilissimorum
703 2088 830 2143 militum
848 2088 953 2142 barbas
973 2088 1034 2143 suis
1056 2088 1259 2143 incultissimis
1286 2094 1316 2143 et
1341 2086 1478 2142 sordidis-

431 2173 513 2227 simis
531 2173 665 2228 munibus
678 2163 866 2237 contrectare,
880 2172 1062 2238 demulcere;
1084 2179 1113 2227 et
1125 2173 1215 2227 verba
1226 2172 1312 2227 modo
1324 2172 1481 2226 familiaria

431 2273 527 2311 serere
546 2256 582 2311 de
601 2256 760 2312 socialitate
782 2275 849 2312 cum
873 2256 984 2312 eisdem
1002 2256 1134 2311 habenda
1151 2257 1187 2312 de
1206 2262 1320 2320 cistere,
1341 2256 1426 2310 modo
1444 2255 1480 2309 de

432 2340 487 2393 lide
518 2341 660 2395 servanda
690 2340 761 2411 ipsis
784 2341 916 2405 ribaldis,
942 2339 1028 2395 modo
1057 2340 1093 2395 de
1114 2341 1280 2411 juramento
1305 2339 1479 2412 praestando,

431 2429 465 2479 ut
483 2426 675 2479 communiter
699 2442 767 2479 curn
791 2425 834 2479 eis
858 2424 944 2495 regni
963 2431 1129 2496 quererent
1146 2425 1318 2496 proditores,
1338 2443 1406 2480 oum
1424 2425 1480 2495 ipsi

431 2508 584 2563 manifeste
609 2508 782 2579 proditionis
809 2513 908 2563 notam
931 2508 1062 2564 devitare
1080 2526 1138 2563 non
1155 2515 1282 2580 possent,
1303 2510 1412 2581 quippo
1430 2508 1482 2579 qui

431 2592 539 2647 vexilla
562 2597 592 2647 et
615 2593 793 2664 pennioellos
819 2594 977 2663 erigentes,
996 2593 1050 2648 tali
1074 2594 1160 2648 modo
1178 2613 1244 2649 eum
1264 2600 1376 2649 armata
1394 2611 1481 2647 marm

431 2694 484 2748 pro
509 2677 627 2731 modulo
654 2696 716 2742 suo,
746 2678 859 2733 scilieet
884 2678 971 2732 modo
998 2684 1146 2750 protecto,
1166 2678 1300 2734 incedere
1322 2697 1380 2733 non
1399 2678 1482 2733 tirne-

432 2753 530 2830 bautil
546 2761 586 2815 Et
608 2779 676 2816 cum
699 2762 762 2816 haec
786 2762 884 2816 omnia
907 2762 1045 2825 lacerent,
1071 2768 1110 2826 et,
1136 2769 1171 2818 ut
1190 2763 1327 2827 diximus
1348 2763 1482 2833 plerique

432 2845 487 2900 soli
510 2845 542 2899 in
565 2862 695 2900 cameras
720 2846 940 2910 concessissent,
967 2851 997 2900 ct
1021 2845 1156 2910 sedendo,
1185 2847 1318 2918 jacendo,
1347 2846 1480 2917 jocondo,

432 2928 646 3000 superlectum
664 2929 756 3000 Regis
781 2929 1005 2994 insolescerent3
1038 2938 1068 2984 et
1091 2930 1219 3002 insuper,
1245 2937 1369 2985 matrem
1390 2930 1482 2999 Regis

432 3013 470 3068 ed
487 3013 587 3068 osenla
603 3014 761 3069 invitarent
788 3014 924 3084 quidam;
950 3032 1008 3068 non
1033 3014 1256 3085 tamem-quod
1274 3016 1382 3069 mirum
1401 3014 1482 3069 dictu

432 3098 670 3165 est—audebant
686 3099 785 3170 plures
808 3099 918 3154 milites
937 3105 968 3155 ct
985 3099 1125 3171 armigeri
1142 3118 1233 3155 unum
1252 3100 1287 3154 do
1306 3106 1365 3156 tam
1384 3099 1481 3155 ineen-

431 3184 615 3239 venientibus
634 3184 748 3239 actibus
766 3184 931 3248 convenire,
951 3203 1009 3238 non
1027 3183 1064 3238 ed
1082 3185 1300 3256 impediendum
1319 3202 1421 3238 manus
1440 3184 1483 3238 in-

429 3268 530 3338 Jioere,
545 3286 598 3323 neo
610 3269 708 3324 verbis
721 3269 926 3324 secretissimis
945 3270 1111 3325 mussitare.
1149 3270 1302 3324 Intrabunt
1320 3276 1350 3325 et
1367 3268 1484 3323 exibant

431 3359 465 3408 ut
488 3353 608 3418 domini,
631 3353 682 3424 qui
706 3353 851 3423 qnondam
875 3353 992 3408 fuerunt
1014 3354 1165 3409 vilissimae
1190 3354 1362 3410 conditionis
1384 3353 1481 3420 servi3

432 3443 463 3492 et
489 3437 682 3508 praeferebant
717 3454 748 3491 se
780 3435 924 3492 militibus
950 3455 1008 3492 non
1036 3436 1112 3492 ¹tam
1144 3437 1282 3501 militnm,
1310 3437 1361 3492 sed
1392 3438 1481 3492 rusti-

433 3539 542 3586 corum,
556 3519 680 3576 subulci.
719 3520 803 3589 Quia,
816 3526 851 3576 ut
867 3521 1024 3587 eredimus,
1045 3522 1125 3577 Deus
1137 3522 1271 3593 Anglieis
1284 3522 1482 3577 demonstrare

432 3605 534 3670 veluit,
566 3605 643 3676 quod
672 3622 730 3659 non
759 3606 790 3660 in
820 3606 990 3661 fortitudine
1014 3624 1068 3661 sua
1091 3606 1274 3661 roborabitur
1296 3607 1352 3670 vir,
1374 3624 1428 3661 nec
1452 3607 1483 3660 in

433 3708 503 3744 arou
520 3688 569 3743 vel
586 3689 686 3761 gladio
710 3691 773 3744 loro
801 3689 985 3761 sperandum,
1013 3691 1064 3745 sed
1082 3691 1114 3744 in
1131 3691 1175 3745 Eo
1193 3691 1244 3760 qui
1263 3689 1358 3745 salvat
1374 3708 1427 3745 nos
1445 3691 1481 3745 de

433 3772 628 3844 affligentibus
659 3791 721 3837 nos,
758 3779 789 3827 et
820 3774 1018 3829 custodientes
1057 3792 1110 3829 nos
1141 3791 1195 3828 sua
1223 3774 1424 3829 misericordia
1453 3779 1484 3828 et

433 3857 541 3928 pietate
567 3857 743 3912 confundere
770 3859 929 3913 consuevit.
958 3858 1016 3913 Sed
1041 3858 1078 3913 de
1106 3857 1173 3913 istis
1204 3859 1362 3925 hactenus3
1396 3857 1483 3913 modo

433 3941 469 3995 de
496 3940 554 3996 hiis
584 3959 650 4011 quus
677 3947 762 4012 gesta
788 3951 857 3996 sunt
882 3939 1008 4012 ²[cirou]
1035 3941 1306 4014 Archicpieoopum,
1337 3942 1482 3998 calamum

433 4024 604 4097 dirigamus.

507 4228 557 4297 Do
579 4227 649 4298 lota
671 4253 745 4319 qucc
766 4238 856 4317 postu
878 4211 962 4299 suist
982 4232 1074 4300 circo
1095 4231 1405 4320 Arolriepisoopura.

470 4381 545 4438 Cum
570 4400 642 4455 orgo
669 4384 765 4440 fatalis
790 4385 862 4440 hora
887 4385 1025 4452 venisset,
1054 4386 1085 4441 in
1110 4404 1168 4457 qua
1191 4387 1408 4442 manifestatum
1435 4391 1480 4442 est
1493 4402 1642 4453 Theinsur.

435 4465 563 4522 divinam
587 4469 728 4524 ultionem
758 4470 925 4525 incubuisse
949 4488 1041 4542 regno
1070 4471 1196 4542 Anglire,
1228 4471 1341 4536 rustici,
1372 4470 1616 4533 ribaldigentode

435 4550 636 4621 perditissimi,
662 4571 808 4626 ganeones
832 4554 1013 4619 daemoniaci,
1041 4561 1155 4626 patrem
1182 4573 1364 4610 communem
1387 4554 1478 4611 totius
1491 4539 1567 4653 ’ἔω

435 4634 545 4708 populi,
579 4635 829 4710 Archiproesulem
867 4644 897 4694 et
926 4639 1096 4705 Primatem
1137 4640 1300 4711 quaesituri,
1339 4640 1479 4696 instinctu
1493 4619 1610 4734 sffiffiry

435 4719 578 4777 diabolico
594 4728 693 4793 portas
716 4723 829 4788 Tanis,
854 4729 890 4778 nt
911 4728 1083 4794 praeteotum
1108 4729 1162 4788 est,
1187 4723 1232 4778 illi
1255 4742 1309 4796 per
1331 4724 1394 4780 vias
1418 4724 1536 4796 glo-the
1547 4707 1630 4786 Amfi.

434 4805 570 4861 moratim
593 4813 624 4862 et
646 4824 713 4862 oum
734 4808 859 4863 clamore
880 4807 1007 4863 terrifico
1028 4813 1096 4863 sunt
1114 4807 1256 4878 ingressi3
1275 4813 1391 4880 reperto
1410 4826 1480 4864 voro
1492 4803 1623 4921 lgm-of

432 4986 1076 4998 --.Ἥ-ψ..-
1448 4987 1474 4994 ,,
1493 4938 1564 5003 bury.

476 5099 482 5130 ¹
495 5106 573 5149 tomen
584 5097 612 5149 in
624 5098 666 5150 the
676 5098 777 5165 printed
789 5105 863 5151 texts
962 5100 967 5117 ¹
988 5099 1024 5152 ix.
1036 5098 1087 5153 md
1097 5100 1140 5151 the
1150 5099 1251 5165 prinus
1262 5109 1335 5153 texts.

480 5180 491 5209 ²
503 5179 624 5244 Supplied
637 5181 701 5230 dum
712 5181 780 5231 Bibl.
791 5181 854 5246 Reg.
869 5185 899 5230 1³
911 5178 941 5231 s
