3750 6250
709 1089 871 1145 uisreau
892 1089 1102 1151 assuerus.
1366 1079 1432 1153 147

297 1273 368 1339 lewe,
379 1273 542 1333 mortalitas
569 1277 717 1334 hominum
748 1282 793 1333 est
823 1282 932 1343 secuta
965 1282 996 1332 et
1025 1277 1171 1350 precipue
1201 1294 1369 1350 egenorum,
1400 1279 1511 1337 inan
1524 1292 1595 1340 1³16.

297 1409 349 1463 ubl·
379 1362 494 1415 tautum
517 1367 553 1417 at
576 1363 624 1419 vir
654 1368 772 1434 possent
799 1362 859 1419 vivi
887 1367 1017 1416 mortuos
1049 1363 1181 1435 sepelire.
1219 1362 1333 1435 Nempe
1363 1362 1571 1437 ¹dy-a011010s

297 1483 321 1529 ω
379 1445 515 1510 sentenia,
541 1463 577 1500 ex
600 1447 672 1501 cibis
695 1446 840 1519 corruptis
872 1453 1020 1515 generata,
1053 1464 1127 1519 pene
1159 1453 1278 1509 cunctos
1311 1447 1428 1516 insacia
1441 1446 1588 1560 byflpettl·

380 1544 468 1598 quam
507 1530 699 1587 comitabatur
734 1530 823 1585 febris
859 1535 953 1594 acuta,
988 1547 1053 1600 quae
1088 1531 1196 1587 multos
1228 1531 1266 1587 ad
1301 1538 1431 1592 &trema
1441 1511 1519 1567 lem·

380 1611 525 1684 perduxit.
563 1615 602 1670 Et
631 1633 687 1669 non
718 1614 812 1670 solum
844 1614 976 1668 homines
1009 1632 1044 1668 cx
1075 1615 1207 1670 ciborum
1245 1617 1430 1690 corruptione

380 1695 568 1765 laedebantur,
600 1700 651 1755 sed
675 1716 780 1772 pecora
808 1716 843 1753 ex
867 1698 1024 1754 herbarum
1053 1700 1265 1771 putrefactione
1294 1707 1431 1774 cnmupta

380 1780 539 1850 cedebant3
564 1784 641 1839 unde
670 1784 795 1853 contigit
818 1789 852 1837 ut
875 1800 943 1838 esus
967 1784 1100 1839 earnium
1123 1787 1236 1843 eunctis
1266 1793 1345 1843 esset
1367 1805 1431 1853 eus·

297 1854 330 1951 l}
336 1872 492 1952 „peetus
529 1868 592 1929 Nec
616 1869 673 1923 fuit
695 1868 746 1922 illc
778 1874 908 1939 tempore
939 1868 1094 1940 quisquam
1127 1876 1187 1925 tarn
1218 1889 1352 1937 amasus,
1378 1872 1429 1942 qui

297 1969 369 2033 'm
381 1953 515 2010 meminit
533 1971 564 2009 se
582 1958 692 2008 tantam
712 1953 827 2018 funem,
850 1959 971 2024 pestem,
994 1959 1045 2010 aut
1065 1953 1226 2025 karistiarn,
1248 1956 1428 2026 previdisse.

297 2042 356 2096 ..37
381 2034 446 2089 Neo
468 2037 562 2094 valuit
583 2044 649 2099 cont
650 2055 682 2091 ra
707 2041 819 2108 pestem
845 2036 1014 2108 praedictam
1042 2037 1196 2109 prudentia
1224 2040 1428 2111 physicorum

297 2073 350 2220 {⁸3¹-
381 2121 452 2189 qnia
483 2122 667 2177 medicinales
702 2121 810 2184 herbae,
847 2139 912 2191 qum
948 2121 1080 2175 levamen
1115 2122 1263 2193 languidis
1298 2126 1429 2186 conferre

380 2204 520 2271 solebant,
541 2224 593 2278 per
608 2207 683 2261 aeris
701 2205 902 2276 intemperiem
918 2210 949 2260 et
966 2205 1174 2263 elementorum
1190 2207 1428 2279 inequalitatem,

380 2294 481 2345 contra
497 2297 547 2346 nat
548 2309 629 2347 uram
647 2290 756 2346 effectui
774 2290 942 2360 degeneres,
962 2291 1044 2346 virus
1061 2309 1115 2363 pre
1132 2291 1242 2348 virtute
1259 2293 1427 2351 reddebant.

417 2373 454 2429 In
472 2374 544 2430 sesto
562 2374 776 2472 Assumptionis
801 2374 900 2431 Beate
919 2374 1053 2444 Virginis
1080 2380 1166 2432 natus
1189 2381 1235 2443 est
1252 2376 1328 2448 Regi
1349 2377 1427 2435 filius
1441 2367 1516 2416 Bfflh
1527 2369 1558 2417 ⁰¹⁴

380 2458 459 2528 apud
476 2458 602 2524 Ebham,
617 2461 667 2531 qui
685 2465 804 2517 vocatus
822 2462 894 2514 est‘
899 2458 1097 2515 ‘.”Johannes
1438 2434 1552 2552 {fflssf

417 2543 461 2596 Eo
485 2553 613 2615 tompore
640 2545 682 2599 ita
706 2544 797 2598 fames
823 2542 957 2607 invaluit,
987 2548 1020 2598 ut
1047 2549 1172 2614 quatuor
1198 2542 1365 2601 denariatus
1390 2545 1427 2609 do
1439 2569 1599 2618 hemo,—

381 2643 485 2695 grosso
511 2646 582 2699 pane
600 2628 629 2682 in
648 2628 762 2682 dicuni
781 2645 839 2682 non
856 2627 1022 2683 sufficerent
1046 2628 1226 2683 comedenti.
1246 2646 1347 2684 carnes
1365 2631 1426 2685 ani·
1439 2635 1585 2686 thefanim

381 2711 503 2765 melium
521 2731 585 2783 quaa
603 2711 716 2768 inrecto
735 2729 792 2767 non
810 2711 926 2767 suerent
950 2717 1033 2766 erant
1050 2729 1134 2776 rarae,
1155 2730 1257 2768 earnes
1284 2730 1426 2783 equorum
1440 2704 1490 2752 *md
1501 2702 1576 2765 imfi-

380 2797 556 2867 pauperibus
574 2797 726 2868 pretiosm3
745 2795 831 2850 multi
843 2813 928 2850 canes
941 2796 1066 2867 pingues
1079 2797 1259 2861 furabantur,
1274 2803 1304 2852 et
1326 2816 1427 2853 eorum
1440 2770 1518 2819 Μεθ’

380 2896 483 2935 earnes
509 2881 638 2936 edebant.
685 2880 818 2949 Quidem,
846 2886 881 2935 ut
906 2880 1066 2945 dicebatur,
1098 2880 1225 2935 filiorum
1253 2899 1372 2937 suorum
1397 2888 1428 2938 ct

381 2962 508 3019 filiarum
520 2984 637 3020 suarum
654 2966 684 3020 in
699 2965 771 3019 loeis
787 2964 903 3028 abditis,
916 2964 1059 3036 compulsi
1077 2965 1207 3036 penuria,
1221 2965 1425 3032 comedebant3

381 3048 502 3116 quidam
528 3036 663 3121 parvulos
688 3048 797 3104 alienos
824 3049 1005 3112 furabantur,
1025 3046 1118 3120 ²quos
1136 3049 1303 3104 mactabant
1319 3055 1349 3104 et
1367 3051 1427 3104 fur·

381 3133 435 3187 tim
460 3136 655 3190 comedebant.
701 3135 803 3198 Fures,
823 3135 922 3205 etqui
940 3135 971 3188 in
989 3134 1156 3189 carceribus
1178 3134 1360 3206 tenebantur,
1389 3136 1426 3189 ad

382 3235 431 3271 eos
450 3221 564 3273 noviter
584 3219 730 3274 venientes
758 3218 968 3289 discerpebant,
988 3223 1018 3273 et
1036 3218 1191 3274 semivivos
1210 3217 1289 3272 illieo
1306 3218 1425 3273 devora-

382 3300 460 3356 bant.
499 3303 555 3357 Per
573 3304 683 3358 dictum
699 3310 814 3374 tempus
838 3303 943 3373 lagena
960 3302 1092 3357 cervisiae
1109 3301 1224 3357 'tenuis
1241 3320 1295 3374 pro
1312 3303 1425 3358 duobus

382 3384 518 3451 donariis,
532 3388 658 3443 melioris
676 3405 729 3459 pro
746 3387 849 3451 tribus,
864 3387 980 3458 optimu*
992 3404 1062 3441 vero
1074 3386 1083 3418 ⁴
1094 3384 1171 3458 [pro]
1192 3392 1324 3456 quatuor,
1339 3386 1425 3441 dena·

381 3468 434 3523 riis
446 3471 631 3526 vendebatur.
669 3472 882 3526 Londonienses
900 3489 953 3542 per
971 3471 1048 3525 idem
1066 3476 1190 3541 tempus,
1211 3472 1281 3542 quia
1298 3471 1425 3527 smmen-

383 3558 445 3607 tam
465 3555 652 3610 inbrasiatum
671 3556 794 3611 maxime
812 3556 1045 3619 consumebatur,
1069 3561 1235 3611 statuerunt
1251 3573 1288 3610 ne
1306 3555 1338 3610 in
1354 3556 1425 3611 eivi-

384 3642 443 3691 tate
460 3637 490 3692 id
503 3638 652 3695 decutere
665 3640 762 3706 fleret;
788 3646 819 3695 et
834 3641 899 3695 ideo
911 3640 1125 3695 constituerunt
1135 3645 1170 3695 ut
1180 3639 1286 3710 lagena
1296 3640 1426 3695 melioris

385 3720 530 3778 ‘cervisiae
547 3742 599 3795 pro
625 3724 718 3780 tribus
752 3725 863 3781 lobolis
890 3724 1074 3790 venderetur,
1103 3724 1253 3781 debilioris
1277 3741 1347 3782 vero
1373 3742 1427 3800 pro

339 3863 344 3872 ,
387 3805 509 3873 denario,
523 3813 553 3863 et
569 3826 626 3863 non
643 3810 728 3864 ultra.

423 3890 483 3945 Rex
518 3896 623 3957 autem,
655 3893 774 3947 clamori
813 3891 907 3964 plebis
947 3892 1133 3964 compatiens,
1161 3892 1247 3991 juxta
1276 3892 1426 3949 Statutum
1438 3901 1588 3955 vaisiom

390 3973 595 4030 Londoniarum
620 3978 702 4032 misit
726 3978 828 4033 brevia
844 3976 1074 4033 Vicecomitibns
1099 3977 1245 4033 universis
1262 3996 1315 4049 por
1332 3983 1426 4033 tetiam
1439 3985 1466 4019 ³⁸
1477 3977 1503 4020 ω
1514 3973 1558 4022 the

391 4076 516 4129 regnum,
540 4060 645 4128 jubens
663 4068 697 4116 ut
713 4070 773 4116 tem
791 4061 868 4116 infra
885 4062 1035 4116 libertates
1064 4080 1152 4132 quam
1177 4067 1267 4125 extra,
1286 4062 1318 4115 in
1335 4060 1427 4117 ⁷civi·
1438 4038 1562 4154 ’Ψᾶοῗ

393 4144 501 4207 tatibus,
520 4144 629 4214 burgis
652 4145 731 4201 villis
749 4146 929 4200 mercatoriis
949 4152 979 4200 et
996 4146 1216 4217 campestribus,
1235 4146 1341 4215 lagena
1364 4163 1426 4199 cer·
1438 4117 1551 4154 mm

393 4228 468 4282 visin
491 4245 541 4298 pro
567 4228 683 4284 denario
708 4229 898 4295 venderetur3
925 4235 956 4285 et
978 4248 1015 4283 ne
1043 4231 1221 4285 frumentum
1246 4228 1403 4283 ulterius'
1396 4246 1425 4282 ιιι

394 4312 535 4373 cervisiam
560 4319 776 4368 converteretur
806 4314 933 4370 inhibuit
959 4314 1014 4369 sub
1039 4313 1125 4384 gravi
1152 4313 1353 4378 forisfactum
1374 4314 1424 4384 qui

393 4398 444 4454 nisi
469 4395 588 4450 celerius
606 4396 660 4450 hoc
678 4398 845 4452 mandatum
869 4398 1050 4470 promulgari
1069 4397 1196 4463 fecisset,
1215 4397 1341 4452 maxima
1357 4414 1425 4469 pars

393 4477 487 4558 populi
506 4480 579 4533 fame
598 4487 629 4535 ct
646 4480 742 4536 inedia
759 4482 929 4555 deperisset.

419 4678 683 4745 'diamerainonp
957 4679 1219 4745 ‘Omittedlnoripi
1235 4680 1349 4745 supplied
1360 4681 1424 4731 tom

415 4768 471 4811 'et
492 4774 532 4807 em
562 4759 653 4822 sertim
686 4758 831 4820 mactabant,
859 4769 881 4809 cl
924 4762 967 4812 the
978 4759 1076 4825 printed
1086 4766 1161 4809 texts.

381 4858 456 4902 mmm
472 4854 562 4889 curaer
573 4837 679 4901 edebant,
690 4839 715 4888 in
728 4840 771 4890 tbc
784 4840 881 4905 printed
959 4840 1086 4888 ‘serame
1097 4839 1123 4887 in
1136 4837 1199 4902 orig.

376 4934 446 4982 pem,
959 4922 969 4949 ⁶
980 4917 1056 4967 edulia
1067 4918 1093 4966 in
1103 4918 1166 4982 orig.

400 4996 549 5052 ameliorie
583 4997 610 5046 in
638 4998 798 5059 'Prolielowe3
838 5002 882 5050 but
962 4997 1327 5062 'ecaiaeautuaintheprluted
1338 5005 1411 5052 texts.

364 5083 461 5147 clearly
476 5093 493 5127 a
507 5075 618 5127 mistake
629 5077 668 5127 sor
680 5080 763 5128 tenuis.

1222 5160 1292 5219 ιιι
