3750 6250
663 1147 826 1198 maroam
848 1148 1054 1198 inamoena
1322 1139 1386 1201 243

288 1344 313 1398 -ι,
338 1332 357 1360 “
377 1336 538 1397 ¹curantes,
559 1331 673 1389 frivolis
698 1335 933 1391 excusationibus
953 1342 983 1390 et
1000 1334 1106 1391 fucatis
1132 1334 1289 1389 verborum
1314 1335 1384 1408 pha·
1399 1348 1466 1398 ΑΒ,
1479 1320 1548 1400 1341,

338 1418 357 1444 ‘¹
376 1415 457 1481 ieris,
486 1435 569 1472 suam
589 1417 740 1483 desidiam,
769 1437 806 1473 ne
836 1419 967 1474 dicamus
998 1419 1131 1474 fraudem
1159 1419 1208 1474 rel
1231 1420 1384 1483 malitiam,

288 1494 306 1532 ²·
338 1502 358 1530 ‘⁸
376 1500 544 1572 palliabant,
566 1501 676 1557 similes
705 1502 875 1559 illusoribus
905 1503 966 1573 qui,
985 1509 1020 1558 ut
1039 1503 1081 1557 ait
1102 1502 1205 1566 Isaiae,
1229 1502 1386 1557 deridendo

338 1585 358 1613 “
377 1584 536 1650 ludificant,
556 1584 684 1640 dicentes
706 1585 845 1640 ‘'Manda
863 1586 1012 1650 remanda,
1035 1586 1139 1641 manda
1154 1585 1302 1648 remanda,
1322 1589 1386 1641 ⁸ex·

339 1670 360 1697 “
380 1671 482 1741 ‘pecta
497 1675 659 1741 reexpecta,
680 1675 798 1741 expecta
816 1676 977 1742 reexpecta,
999 1670 1146 1725 modicum
1167 1670 1217 1733 ibi,
1238 1669 1385 1726 modicum

339 1755 360 1782 “
380 1753 479 1819 ‘ibi;'
505 1753 591 1818 unde,
610 1753 684 1826 proh
710 1754 809 1809 dolor!
829 1755 938 1810 factum
963 1761 1009 1809 est
1034 1760 1068 1810 ut
1092 1753 1162 1808 dum
1186 1753 1385 1826 triumphandi

339 1839 359 1866 ‘⁴
379 1854 467 1909 super
492 1838 625 1893 inimicos
650 1844 763 1893 nostros
798 1839 941 1893 arrideret
964 1838 1047 1893 nobis
1073 1838 1285 1908 gratiosissime
1318 1856 1384 1911 spes

337 1923 358 1950 “
376 1922 548 1993 propinqua,
579 1923 754 1994 praevalente
783 1924 914 1994 penuria,
946 1939 1117 1993 cogeremur
1150 1922 1235 1977 inviti
1271 1922 1385 1993 treugis

336 2007 356 2033 ‘⁶
375 2006 457 2062 initis
470 2008 641 2071 consentire,
662 2024 729 2062 cum
746 2006 1030 2062 verecundanostrae
1049 2005 1239 2078 expeditionis
1257 2006 1384 2061 retarda-

336 2091 356 2117 “
375 2089 464 2156 tione,
484 2095 515 2145 et
532 2091 708 2146 exultatione
726 2109 784 2146 non
801 2091 915 2145 modica
933 2090 1114 2145 ramulorum.
1151 2089 1288 2145 Reversis
1300 2090 1383 2145 nobis

336 2174 357 2200 “
375 2171 427 2227 ⁴in
444 2173 621 2239 F'landriam,
641 2191 708 2229 cum
735 2192 866 2230 essemus
892 2174 1016 2245 pecunia
1034 2174 1128 2237 vacui,
1149 2179 1179 2229 et
1204 2174 1271 2228 aeris
1297 2173 1384 2228 alieni

336 2258 357 2285 ‘¹
375 2256 470 2313 ‘mole
486 2259 591 2329 pressi,
611 2276 664 2313 nec
683 2266 849 2330 superesset
861 2260 1019 2329 quicquam
1035 2260 1068 2313 in
1079 2259 1186 2313 nostrie
1204 2264 1256 2313 aut
1272 2264 1383 2313 nostro·

337 2343 357 2369 “
376 2358 443 2396 rum
467 2342 625 2413 marsupiis
650 2342 727 2397 unde
754 2360 906 2415 possemus
933 2343 1042 2397 nostris
1068 2342 1292 2397 necessitatibus
1318 2359 1384 2396 con·

335 2427 356 2454 ‘⁴
376 2424 482 2490 sulere,
514 2431 544 2481 et
573 2425 670 2480 debita
700 2426 844 2498 stipendia
881 2432 981 2481 nostro
1017 2426 1155 2496 obsequio
1191 2424 1385 2480 militantibus

335 2511 355 2538 ‘¹
375 2526 506 2581 erogare,
520 2510 664 2581 compulsi
676 2528 777 2564 sumus
789 2528 947 2564 usurarum
967 2510 1101 2579 voragini
1119 2509 1337 2580 “submergere
1352 2516 1383 2564 et

334 2595 355 2622 ‘⁴
374 2592 511 2648 humeros
529 2611 690 2666 supponere
708 2594 863 2649 cumulatis
877 2593 1034 2664 generibus
1055 2593 1228 2649 debitorum.
1256 2593 1385 2648 Tandem

335 2678 355 2704 ‘¹
374 2677 769 2733 convenenmtadnosamici
785 2678 895 2742 fideles,
913 2678 1157 2749 peregrinationis
1171 2682 1278 2733 nostre
1297 2677 1385 2732 comi·

335 2761 355 2788 '⁸
374 2767 429 2825 tes,
449 2766 480 2816 et
496 2760 693 2816 tribulationis
710 2767 817 2816 nostres
829 2762 996 2834 participes,
1018 2780 1086 2816 cum
1103 2762 1209 2833 quibus
1227 2766 1384 2817 tractatum

335 2846 356 2873 “
374 2843 530 2899 babuimus
548 2843 721 2915 diligentem
742 2862 830 2915 super
847 2846 955 2915 optatis
973 2844 1120 2909 remediis,
1143 2845 1250 2915 quibus
1269 2863 1286 2899 a
1303 2851 1385 2899 tanta

335 2930 355 2957 ⁸⁴
374 2928 600 2984 infortuniorum
634 2934 807 3001 tempestate
842 2946 994 3000 possemus
1025 2928 1202 2984 commodius
1228 2929 1382 3001 respirare.

335 3015 355 3043 ‘⁸
373 3011 481 3068 Visum
508 3018 554 3068 est
577 3012 710 3067 omnibus
740 3013 868 3085 praefatae
895 3012 1099 3067 retardationis
1126 3018 1262 3067 eventum
1292 3013 1383 3066 tristi-

335 3099 355 3126 “
375 3095 465 3153 bilem
483 3102 514 3153 et
530 3097 671 3168 egestatis
695 3103 802 3152 nostrae
827 3096 1010 3152 incommoda
1026 3095 1210 3169 multiplicia,
1230 3094 1317 3166 culpa
1335 3094 1383 3150 vel

335 3182 355 3210 ‘⁶
374 3179 496 3246 desidia,
515 3198 552 3236 ne
570 3180 701 3236 dicamus
721 3180 842 3243 malitia,
862 3181 1218 3252 praesatiArchiepiscopi,
1239 3179 1275 3233 de
1299 3179 1383 3250 cujus

335 3263 550 3321 “discretione
573 3270 636 3319 tota
659 3264 744 3334 regni
770 3265 863 3318 nostri
891 3264 1043 3334 dispositio
1070 3263 1195 3334 pendere
1219 3262 1382 3327 videbatur,

336 3351 357 3379 ‘⁸
375 3356 406 3404 et
434 3355 606 3404 coeterorum
635 3347 802 3403 officialium
832 3366 904 3419 qnos
935 3348 999 3418 ejus
1030 3348 1149 3403 consilio
1180 3365 1267 3420 super
1291 3347 1384 3402 nostri

336 3435 356 3461 ‘⁴
374 3433 461 3504 regni
484 3432 603 3503 negotia
623 3431 838 3496 constituimus,
868 3432 1026 3498 accidisse;
1059 3438 1089 3486 et
1120 3432 1306 3487 vehementer
1330 3431 1384 3485 mi·

336 3519 356 3547 ‘⁶
374 3523 483 3581 rantes,
509 3534 544 3571 ac
571 3521 672 3571 contra
695 3533 748 3571 nos
773 3522 998 3581 murmurantes,
1028 3535 1115 3589 super
1139 3517 1194 3572 hoe
1220 3515 1297 3587 quod
1324 3515 1383 3570 dic·

337 3603 357 3629 “
375 3606 473 3656 torum
495 3599 717 3672 Archiepiscopi
742 3606 772 3654 et
796 3600 963 3655 officialium
987 3600 1172 3655 insolentiam
1197 3601 1281 3670 regia
1305 3617 1384 3654 man-

337 3682 499 3740 “suetudo
523 3689 605 3739 tanto
628 3689 759 3755 tempore
784 3683 951 3754 relinquere
977 3684 1071 3740 voluit
1094 3685 1295 3748 incorrectam,
1317 3690 1386 3739 sunt

333 3770 356 3798 ‘⁸
374 3766 491 3839 publice
502 3767 655 3839 protestati
675 3766 760 3837 quod,
774 3767 832 3821 nisi
851 3785 938 3838 super
957 3767 1014 3822 hiis
1041 3769 1202 3823 faceremus
1221 3785 1385 3839 congruum

337 3850 538 3908 “remedium
567 3850 702 3906 celeriter
726 3850 867 3916 adhiberi,
895 3857 1042 3924 oporteret
1066 3869 1115 3908 eos
1141 3851 1177 3907 de
1201 3853 1309 3908 nostris
1335 3852 1384 3908 ob·

336 3940 356 3965 '¹
376 3937 487 4009 sequiis
512 3953 544 3992 se
569 3935 749 4001 subtrahere,
776 3941 806 3990 et
830 3936 867 3990 ab
892 3937 966 3991 inito
990 3936 1100 3991 foedere
1124 3938 1256 4002 retroire,
1276 3942 1306 3992 ct
1330 3935 1385 3992 hoc

337 4025 357 4051 ⁴⁶
375 4021 479 4092 utique
496 4020 529 4075 in
545 4020 630 4091 regni
647 4019 740 4074 nostri
757 4017 997 4075 ⁷subversicnem
1013 4027 1044 4077 et
1067 4028 1197 4078 nostram
1214 4027 1385 4095 perpetuam

338 4108 357 4135 ¹¹
376 4104 576 4177 ignominiam,
596 4110 626 4159 et
643 4103 769 4160 nationis
780 4103 952 4176 Anglicanae
971 4107 1180 4178 sempiternum
1198 4106 1385 4179 opprobrium

338 4192 358 4218 “
377 4188 556 4255 redundare;
584 4187 661 4259 quod
685 4193 798 4243 avertat
822 4190 1001 4261 temporibus
1033 4192 1140 4246 uostris
1166 4188 1384 4246 clementissimi

338 4275 358 4301 ‘¹
376 4272 474 4328 Patris
491 4272 667 4343 benignitas,
687 4272 719 4326 in
737 4271 820 4343 cujus
839 4273 987 4329 soliditate
1005 4274 1061 4328 flxa
1078 4274 1323 4329 estimmobiliter
1335 4289 1384 4326 an·

373 4534 561 4600 'procurantes
573 4531 646 4581 Harl,
661 4537 717 4581 655,
861 4543 864 4607 Ι
920 4531 1010 4592 liuore,
1034 4535 1105 4581 llari.
1131 4538 1197 4591 655;
1216 4533 1250 4595 by
1269 4529 1384 4580 inadver-

371 4611 423 4662 ἸΙΙ
441 4611 550 4662 allusion
572 4611 694 4675 probably
717 4609 843 4659 tolsos'oh
862 4614 865 4679 l
887 4623 966 4664 tenes.

340 4690 431 4740 miii.
453 4695 544 4751 10,1a.
920 4696 985 4742 ‘nos
995 4690 1153 4757 submergere,
1165 4691 1237 4741 Harl.
1251 4694 1307 4740 655.

373 4769 545 4821 ⁸'l'besefour
563 4769 648 4819 worda
675 4782 717 4819 ere
739 4767 844 4818 omitted
920 4771 998 4822 'The
1021 4771 1097 4821 MSS.
1132 4771 1163 4821 ot
1188 4770 1386 4836 Hdmingburgh

342 4848 370 4898 in
392 4846 610 4913 HemIngburgb’s
636 4853 700 4907 text,
727 4847 773 4896 but
803 4859 845 4895 are
888 4852 953 4901 have
997 4849 1151 4915 incorrectly
1194 4847 1385 4899 ulmenam.

342 4926 417 4992 given
428 4927 456 4978 in
467 4927 511 4978 the
525 4927 626 4992 printed
644 4931 712 4976 texta
727 4925 759 4975 οἰ
773 4923 846 4975 wal·
888 4929 1022 4980 Amendsd
1041 4928 1106 4978 tlom
1116 4928 1172 4979 MS.
1185 4928 1256 4978 Harl.
1270 4932 1327 4990 ost,
1343 4929 1386 4979 the

342 5005 457 5072 uagum
465 5006 581 5059 eudlffl.
592 5004 665 5056 Harl
674 5009 730 5056 ttt.
888 5009 988 5072 printed
1005 5013 1072 5058 texts
1091 5007 1123 5059 of
1134 5007 1318 5074 Walsinghem,
1336 5007 1387 5058 and

373 5087 383 5118 ⁴
393 5086 507 5139 omues
517 5084 547 5136 lu
559 5083 634 5136 nul.
647 5088 704 5135 ott.
888 5088 989 5152 Rymer.

1186 5172 1251 5244 02
