<?xml version="1.0" encoding="UTF-8"?>
<!DOCTYPE html PUBLIC "-//W3C//DTD XHTML 1.0 Transitional//EN"
    "http://www.w3.org/TR/xhtml1/DTD/xhtml1-transitional.dtd">
<html xmlns="http://www.w3.org/1999/xhtml" xml:lang="en" lang="en">
 <head>
  <title>
</title>
<meta http-equiv="Content-Type" content="text/html;charset=utf-8" />
  <meta name='ocr-system' content='tesseract 3.04.00' />
  <meta name='ocr-capabilities' content='ocr_page ocr_carea ocr_par ocr_line ocrx_word'/>
</head>
<body>
  <div class='ocr_page' id='page_1' title='image "./thomaewalsingha00rilegoog_0302.png"; bbox 0 0 3750 6250; ppageno 0'>
   <div class='ocr_carea' id='block_1_1' title="bbox 495 1112 1214 1179">
    <p class='ocr_par' dir='ltr' id='par_1_1' title="bbox 495 1112 1214 1179">
     <span class='ocr_line' id='line_1_1' title="bbox 495 1112 1214 1179; baseline -0.007 -3"><span class='ocrx_word' id='word_1_1' title='bbox 495 1112 559 1179; x_wconf 77' lang='lat'>266</span> <span class='ocrx_word' id='word_1_2' title='bbox 825 1122 955 1173; x_wconf 77' lang='lat' dir='ltr'>monn</span> <span class='ocrx_word' id='word_1_3' title='bbox 976 1121 1214 1173; x_wconf 72' lang='lat' dir='ltr'>anismam</span> 
     </span>
    </p>
   </div>
   <div class='ocr_carea' id='block_1_2' title="bbox 323 1285 1672 3129">
    <p class='ocr_par' dir='ltr' id='par_1_2' title="bbox 323 1285 1672 3129">
     <span class='ocr_line' id='line_1_2' title="bbox 326 1285 1672 1368; baseline 0.001 -15"><span class='ocrx_word' id='word_1_4' title='bbox 326 1285 479 1337; x_wconf 74' lang='lat' dir='ltr'>A.1).1345.</span> <span class='ocrx_word' id='word_1_5' title='bbox 494 1304 611 1352; x_wconf 86' lang='lat' dir='ltr'>moneta</span> <span class='ocrx_word' id='word_1_6' title='bbox 627 1296 714 1368; x_wconf 84' lang='lat' dir='ltr'>nigra</span> <span class='ocrx_word' id='word_1_7' title='bbox 731 1296 767 1351; x_wconf 91' lang='lat' dir='ltr'>de</span> <span class='ocrx_word' id='word_1_8' title='bbox 785 1313 853 1360; x_wconf 85' lang='lat' dir='ltr'>aere,</span> <span class='ocrx_word' id='word_1_9' title='bbox 872 1302 961 1367; x_wconf 87' lang='lat' dir='ltr'>prout</span> <span class='ocrx_word' id='word_1_10' title='bbox 977 1296 1068 1351; x_wconf 86' lang='lat' dir='ltr'>moris</span> <span class='ocrx_word' id='word_1_11' title='bbox 1095 1302 1141 1352; x_wconf 84' lang='lat' dir='ltr'>est</span> <span class='ocrx_word' id='word_1_12' title='bbox 1166 1295 1277 1350; x_wconf 85' lang='lat' dir='ltr'>ibidem</span> <span class='ocrx_word' id='word_1_13' title='bbox 1301 1294 1456 1349; x_wconf 81' lang='lat' dir='ltr'>fabricare.</span> <span class='ocrx_word' id='word_1_14' title='bbox 1494 1293 1672 1353; x_wconf 65' lang='lat' dir='ltr'>Restabat</span> 
     </span>
     <span class='ocr_line' id='line_1_3' title="bbox 496 1368 1652 1451; baseline -0.002 -16"><span class='ocrx_word' id='word_1_15' title='bbox 496 1382 619 1451; x_wconf 80' lang='lat' dir='ltr'>quisivit</span> <span class='ocrx_word' id='word_1_16' title='bbox 636 1381 739 1451; x_wconf 84' lang='lat' dir='ltr'>igitur,</span> <span class='ocrx_word' id='word_1_17' title='bbox 763 1379 834 1450; x_wconf 93' lang='lat' dir='ltr'>quid</span> <span class='ocrx_word' id='word_1_18' title='bbox 853 1379 958 1436; x_wconf 86' lang='lat' dir='ltr'>Comes</span> <span class='ocrx_word' id='word_1_19' title='bbox 976 1379 1069 1436; x_wconf 83' lang='lat' dir='ltr'>vellet</span> <span class='ocrx_word' id='word_1_20' title='bbox 1085 1379 1150 1433; x_wconf 88' lang='lat' dir='ltr'>fieri</span> <span class='ocrx_word' id='word_1_21' title='bbox 1168 1379 1205 1433; x_wconf 92' lang='lat' dir='ltr'>de</span> <span class='ocrx_word' id='word_1_22' title='bbox 1223 1378 1334 1433; x_wconf 85' lang='lat' dir='ltr'>eadem.</span> <span class='ocrx_word' id='word_1_23' title='bbox 1374 1378 1431 1447; x_wconf 82' lang='lat' dir='ltr'>Qui</span> <span class='ocrx_word' id='word_1_24' title='bbox 1453 1368 1652 1445; x_wconf 51' lang='lat' dir='ltr'>ain-Ram</span> 
     </span>
     <span class='ocr_line' id='line_1_4' title="bbox 497 1432 1631 1534; baseline -0.001 -15"><span class='ocrx_word' id='word_1_25' title='bbox 497 1464 622 1528; x_wconf 62' lang='lat' dir='ltr'>“Tua’&#39;</span> <span class='ocrx_word' id='word_1_26' title='bbox 655 1464 760 1534; x_wconf 89' lang='lat' dir='ltr'>iuquit,</span> <span class='ocrx_word' id='word_1_27' title='bbox 794 1465 871 1517; x_wconf 88' lang='lat' dir='ltr'>“est</span> <span class='ocrx_word' id='word_1_28' title='bbox 896 1462 1011 1528; x_wconf 86' lang='lat' dir='ltr'>domus,</span> <span class='ocrx_word' id='word_1_29' title='bbox 1042 1470 1094 1519; x_wconf 87' lang='lat' dir='ltr'>tua</span> <span class='ocrx_word' id='word_1_30' title='bbox 1127 1470 1198 1519; x_wconf 86' lang='lat' dir='ltr'>sunt</span> <span class='ocrx_word' id='word_1_31' title='bbox 1222 1471 1253 1518; x_wconf 89' lang='lat' dir='ltr'>et</span> <span class='ocrx_word' id='word_1_32' title='bbox 1277 1463 1309 1517; x_wconf 91' lang='lat' dir='ltr'>in</span> <span class='ocrx_word' id='word_1_33' title='bbox 1335 1480 1370 1516; x_wconf 85' lang='lat' dir='ltr'>ea</span> <span class='ocrx_word' id='word_1_34' title='bbox 1399 1432 1631 1533; x_wconf 65' lang='lat' dir='ltr'>reperta”E&#39;¹¹&#39;</span> 
     </span>
     <span class='ocr_line' id='line_1_5' title="bbox 495 1546 1551 1619; baseline -0.001 -16"><span class='ocrx_word' id='word_1_35' title='bbox 495 1548 660 1619; x_wconf 84' lang='lat' dir='ltr'>Regressus</span> <span class='ocrx_word' id='word_1_36' title='bbox 678 1547 774 1612; x_wconf 91' lang='lat' dir='ltr'>miles,</span> <span class='ocrx_word' id='word_1_37' title='bbox 794 1546 864 1601; x_wconf 90' lang='lat' dir='ltr'>dum</span> <span class='ocrx_word' id='word_1_38' title='bbox 882 1546 1046 1602; x_wconf 87' lang='lat' dir='ltr'>effunderet</span> <span class='ocrx_word' id='word_1_39' title='bbox 1062 1564 1078 1602; x_wconf 83' lang='lat' dir='ltr'>a</span> <span class='ocrx_word' id='word_1_40' title='bbox 1098 1548 1190 1603; x_wconf 87' lang='lat' dir='ltr'>saccis</span> <span class='ocrx_word' id='word_1_41' title='bbox 1217 1547 1301 1601; x_wconf 89' lang='lat' dir='ltr'>illam</span> <span class='ocrx_word' id='word_1_42' title='bbox 1325 1547 1492 1617; x_wconf 85' lang='lat' dir='ltr'>pecuniam,</span> <span class='ocrx_word' id='word_1_43' title='bbox 1516 1552 1551 1602; x_wconf 83' lang='lat' dir='ltr'>nt</span> 
     </span>
     <span class='ocr_line' id='line_1_6' title="bbox 494 1634 1550 1706; baseline -0.001 -15"><span class='ocrx_word' id='word_1_44' title='bbox 494 1637 584 1692; x_wconf 87' lang='lat' dir='ltr'>sciret</span> <span class='ocrx_word' id='word_1_45' title='bbox 601 1636 664 1706; x_wconf 91' lang='lat' dir='ltr'>ejus</span> <span class='ocrx_word' id='word_1_46' title='bbox 684 1652 837 1700; x_wconf 88' lang='lat' dir='ltr'>summam,</span> <span class='ocrx_word' id='word_1_47' title='bbox 866 1634 963 1689; x_wconf 88' lang='lat' dir='ltr'>subito</span> <span class='ocrx_word' id='word_1_48' title='bbox 982 1635 1125 1706; x_wconf 77' lang='lat' dir='ltr'>conspicit</span> <span class='ocrx_word' id='word_1_49' title='bbox 1142 1634 1378 1689; x_wconf 73' lang='lat' dir='ltr'>inaestimabilem</span> <span class='ocrx_word' id='word_1_50' title='bbox 1403 1652 1550 1690; x_wconf 87' lang='lat' dir='ltr'>summam</span> 
     </span>
     <span class='ocr_line' id='line_1_7' title="bbox 494 1719 1548 1790; baseline 0 -16"><span class='ocrx_word' id='word_1_51' title='bbox 494 1727 626 1784; x_wconf 76' lang='lat' dir='ltr'>moneta,</span> <span class='ocrx_word' id='word_1_52' title='bbox 647 1720 683 1773; x_wconf 91' lang='lat' dir='ltr'>de</span> <span class='ocrx_word' id='word_1_53' title='bbox 701 1725 822 1790; x_wconf 85' lang='lat' dir='ltr'>argento</span> <span class='ocrx_word' id='word_1_54' title='bbox 845 1735 919 1789; x_wconf 91' lang='lat' dir='ltr'>puro</span> <span class='ocrx_word' id='word_1_55' title='bbox 937 1736 1095 1789; x_wconf 74' lang='lat' dir='ltr'>percussae,</span> <span class='ocrx_word' id='word_1_56' title='bbox 1115 1727 1145 1775; x_wconf 85' lang='lat' dir='ltr'>ct</span> <span class='ocrx_word' id='word_1_57' title='bbox 1170 1719 1340 1789; x_wconf 87' lang='lat' dir='ltr'>¹obstupuit</span> <span class='ocrx_word' id='word_1_58' title='bbox 1357 1720 1423 1789; x_wconf 82' lang='lat' dir='ltr'>ipsa</span> <span class='ocrx_word' id='word_1_59' title='bbox 1440 1720 1548 1774; x_wconf 77' lang='lat' dir='ltr'>revisa.</span> 
     </span>
     <span class='ocr_line' id='line_1_8' title="bbox 494 1802 1550 1874; baseline -0.002 -15"><span class='ocrx_word' id='word_1_60' title='bbox 494 1805 713 1874; x_wconf 83' lang='lat' dir='ltr'>AEstimausque</span> <span class='ocrx_word' id='word_1_61' title='bbox 731 1803 824 1858; x_wconf 84' lang='lat' dir='ltr'>multo</span> <span class='ocrx_word' id='word_1_62' title='bbox 841 1802 909 1874; x_wconf 87' lang='lat' dir='ltr'>plus</span> <span class='ocrx_word' id='word_1_63' title='bbox 927 1802 970 1857; x_wconf 92' lang='lat' dir='ltr'>ibi</span> <span class='ocrx_word' id='word_1_64' title='bbox 988 1820 1052 1858; x_wconf 88' lang='lat' dir='ltr'>esse</span> <span class='ocrx_word' id='word_1_65' title='bbox 1070 1803 1107 1858; x_wconf 89' lang='lat' dir='ltr'>de</span> <span class='ocrx_word' id='word_1_66' title='bbox 1125 1804 1250 1874; x_wconf 87' lang='lat' dir='ltr'>pecunia</span> <span class='ocrx_word' id='word_1_67' title='bbox 1267 1820 1355 1873; x_wconf 87' lang='lat' dir='ltr'>quam</span> <span class='ocrx_word' id='word_1_68' title='bbox 1368 1803 1550 1873; x_wconf 79' lang='lat' dir='ltr'><strong>congruebat</strong></span> 
     </span>
     <span class='ocr_line' id='line_1_9' title="bbox 495 1885 1543 1958; baseline -0.001 -16"><span class='ocrx_word' id='word_1_69' title='bbox 495 1906 555 1942; x_wconf 78' lang='lat' dir='ltr'>sum</span> <span class='ocrx_word' id='word_1_70' title='bbox 586 1889 720 1951; x_wconf 85' lang='lat' dir='ltr'>sortunae,</span> <span class='ocrx_word' id='word_1_71' title='bbox 746 1904 883 1941; x_wconf 76' lang='lat' dir='ltr'>reversus</span> <span class='ocrx_word' id='word_1_72' title='bbox 907 1886 945 1941; x_wconf 87' lang='lat' dir='ltr'>ad</span> <span class='ocrx_word' id='word_1_73' title='bbox 964 1885 1110 1942; x_wconf 79' lang='lat' dir='ltr'>Comitem</span> <span class='ocrx_word' id='word_1_74' title='bbox 1138 1904 1202 1941; x_wconf 92' lang='lat' dir='ltr'>rem</span> <span class='ocrx_word' id='word_1_75' title='bbox 1226 1887 1359 1958; x_wconf 86' lang='lat' dir='ltr'>protinus</span> <span class='ocrx_word' id='word_1_76' title='bbox 1385 1887 1543 1941; x_wconf 77' lang='lat' dir='ltr'>enarravit.</span> 
     </span>
     <span class='ocr_line' id='line_1_10' title="bbox 495 1969 1546 2035; baseline -0.002 -9"><span class='ocrx_word' id='word_1_77' title='bbox 495 1971 551 2026; x_wconf 89' lang='lat' dir='ltr'>Cui</span> <span class='ocrx_word' id='word_1_78' title='bbox 570 1971 685 2035; x_wconf 86' lang='lat' dir='ltr'>Comes,</span> <span class='ocrx_word' id='word_1_79' title='bbox 706 1970 831 2035; x_wconf 72' lang='lat' dir='ltr'>“Non’&#39;</span> <span class='ocrx_word' id='word_1_80' title='bbox 851 1970 902 2035; x_wconf 85' lang='lat' dir='ltr'>ait,</span> <span class='ocrx_word' id='word_1_81' title='bbox 924 1969 1037 2025; x_wconf 85' lang='lat' dir='ltr'>“decet</span> <span class='ocrx_word' id='word_1_82' title='bbox 1061 1987 1108 2024; x_wconf 92' lang='lat' dir='ltr'>me</span> <span class='ocrx_word' id='word_1_83' title='bbox 1126 1970 1197 2024; x_wconf 89' lang='lat' dir='ltr'>dare</span> <span class='ocrx_word' id='word_1_84' title='bbox 1215 1979 1246 2024; x_wconf 86' lang='lat' dir='ltr'>et</span> <span class='ocrx_word' id='word_1_85' title='bbox 1263 1969 1371 2024; x_wconf 92' lang='lat' dir='ltr'>donum</span> <span class='ocrx_word' id='word_1_86' title='bbox 1397 1986 1546 2033; x_wconf 76' lang='lat' dir='ltr'>revocare,</span> 
     </span>
     <span class='ocr_line' id='line_1_11' title="bbox 496 2052 1546 2124; baseline -0.002 -16"><span class='ocrx_word' id='word_1_87' title='bbox 496 2057 516 2080; x_wconf 88' lang='lat'>“</span> <span class='ocrx_word' id='word_1_88' title='bbox 534 2072 615 2108; x_wconf 89' lang='lat' dir='ltr'>more</span> <span class='ocrx_word' id='word_1_89' title='bbox 633 2071 810 2124; x_wconf 71' lang='lat' dir='ltr'>puerorum,</span> <span class='ocrx_word' id='word_1_90' title='bbox 839 2053 906 2108; x_wconf 77' lang='lat' dir='ltr'>volo</span> <span class='ocrx_word' id='word_1_91' title='bbox 924 2052 1003 2123; x_wconf 90' lang='lat' dir='ltr'>quod</span> <span class='ocrx_word' id='word_1_92' title='bbox 1020 2052 1076 2108; x_wconf 92' lang='lat' dir='ltr'>tibi</span> <span class='ocrx_word' id='word_1_93' title='bbox 1094 2060 1284 2124; x_wconf 89' lang='lat' dir='ltr'>permaneant</span> <span class='ocrx_word' id='word_1_94' title='bbox 1312 2070 1377 2122; x_wconf 86' lang='lat' dir='ltr'>quae</span> <span class='ocrx_word' id='word_1_95' title='bbox 1404 2052 1546 2117; x_wconf 84' lang='lat' dir='ltr'>concessi,</span> 
     </span>
     <span class='ocr_line' id='line_1_12' title="bbox 496 2136 1076 2207; baseline -0.003 -15"><span class='ocrx_word' id='word_1_96' title='bbox 496 2142 515 2165; x_wconf 90' lang='lat'>“</span> <span class='ocrx_word' id='word_1_97' title='bbox 534 2139 591 2193; x_wconf 90' lang='lat' dir='ltr'>etsi</span> <span class='ocrx_word' id='word_1_98' title='bbox 609 2137 685 2192; x_wconf 77' lang='lat' dir='ltr'>foret</span> <span class='ocrx_word' id='word_1_99' title='bbox 702 2138 828 2207; x_wconf 85' lang='lat' dir='ltr'>pecunia</span> <span class='ocrx_word' id='word_1_100' title='bbox 845 2136 934 2207; x_wconf 84' lang='lat' dir='ltr'>triplo</span> <span class='ocrx_word' id='word_1_101' title='bbox 952 2136 1076 2207; x_wconf 88' lang='lat' dir='ltr'>major.’&#39;</span> 
     </span>
     <span class='ocr_line' id='line_1_13' title="bbox 325 2217 1549 2291; baseline -0.002 -16"><span class='ocrx_word' id='word_1_102' title='bbox 325 2219 408 2271; x_wconf 79' lang='lat' dir='ltr'>Death</span> <span class='ocrx_word' id='word_1_103' title='bbox 420 2221 451 2271; x_wconf 80' lang='lat' dir='ltr'>os</span> <span class='ocrx_word' id='word_1_104' title='bbox 529 2221 641 2275; x_wconf 88' lang='lat' dir='ltr'>Eodem</span> <span class='ocrx_word' id='word_1_105' title='bbox 659 2237 734 2274; x_wconf 89' lang='lat' dir='ltr'>anuo</span> <span class='ocrx_word' id='word_1_106' title='bbox 752 2220 826 2274; x_wconf 87' lang='lat' dir='ltr'>obiit</span> <span class='ocrx_word' id='word_1_107' title='bbox 843 2219 1007 2291; x_wconf 82' lang='lat' dir='ltr'>Episcopus</span> <span class='ocrx_word' id='word_1_108' title='bbox 1025 2218 1244 2289; x_wconf 78' lang='lat' dir='ltr'>Wyutouieusis</span> <span class='ocrx_word' id='word_1_109' title='bbox 1256 2217 1362 2282; x_wconf 83' lang='lat' dir='ltr'>Adam,</span> <span class='ocrx_word' id='word_1_110' title='bbox 1377 2217 1429 2288; x_wconf 91' lang='lat' dir='ltr'>qui</span> <span class='ocrx_word' id='word_1_111' title='bbox 1441 2234 1549 2288; x_wconf 82' lang='lat' dir='ltr'>magno</span> 
     </span>
     <span class='ocr_line' id='line_1_14' title="bbox 325 2288 1548 2377; baseline -0.005 -15"><span class='ocrx_word' id='word_1_112' title='bbox 325 2288 418 2364; x_wconf 48' lang='grc' dir='ltr'>ΑΜ</span> <span class='ocrx_word' id='word_1_113' title='bbox 494 2313 625 2377; x_wconf 89' lang='lat' dir='ltr'>tempore</span> <span class='ocrx_word' id='word_1_114' title='bbox 643 2321 738 2358; x_wconf 75' lang='lat' dir='ltr'>caecus</span> <span class='ocrx_word' id='word_1_115' title='bbox 757 2304 854 2358; x_wconf 87' lang='lat' dir='ltr'>fuerat</span> <span class='ocrx_word' id='word_1_116' title='bbox 871 2311 938 2358; x_wconf 89' lang='lat' dir='ltr'>ante</span> <span class='ocrx_word' id='word_1_117' title='bbox 965 2310 1098 2358; x_wconf 87' lang='lat' dir='ltr'>mortem.</span> <span class='ocrx_word' id='word_1_118' title='bbox 1137 2304 1194 2358; x_wconf 86' lang='lat' dir='ltr'>Cui</span> <span class='ocrx_word' id='word_1_119' title='bbox 1220 2303 1362 2357; x_wconf 87' lang='lat' dir='ltr'>successit</span> <span class='ocrx_word' id='word_1_120' title='bbox 1380 2301 1548 2356; x_wconf 81' lang='lat' dir='ltr'>Willelmus</span> 
     </span>
     <span class='ocr_line' id='line_1_15' title="bbox 324 2353 1549 2470; baseline -0.003 -28"><span class='ocrx_word' id='word_1_121' title='bbox 324 2353 465 2470; x_wconf 37' lang='lat' dir='ltr'>affl&amp;</span> <span class='ocrx_word' id='word_1_122' title='bbox 494 2388 664 2458; x_wconf 75' lang='lat' dir='ltr'>Edyndone,</span> <span class='ocrx_word' id='word_1_123' title='bbox 684 2387 895 2442; x_wconf 84' lang='lat' dir='ltr'>Thesaurarius</span> <span class='ocrx_word' id='word_1_124' title='bbox 913 2387 1040 2458; x_wconf 84' lang='lat' dir='ltr'>Angliae.</span> <span class='ocrx_word' id='word_1_125' title='bbox 1078 2387 1138 2441; x_wconf 88' lang='lat' dir='ltr'>Hic</span> <span class='ocrx_word' id='word_1_126' title='bbox 1165 2386 1300 2440; x_wconf 77' lang='lat' dir='ltr'>fundavit</span> <span class='ocrx_word' id='word_1_127' title='bbox 1324 2384 1445 2439; x_wconf 90' lang='lat' dir='ltr'>domum</span> <span class='ocrx_word' id='word_1_128' title='bbox 1472 2382 1549 2454; x_wconf 85' lang='lat' dir='ltr'>apud</span> 
     </span>
     <span class='ocr_line' id='line_1_16' title="bbox 323 2467 1548 2542; baseline -0.002 -17"><span class='ocrx_word' id='word_1_129' title='bbox 323 2494 369 2536; x_wconf 84' lang='lat' dir='ltr'>ter.</span> <span class='ocrx_word' id='word_1_130' title='bbox 494 2471 664 2542; x_wconf 76' lang='lat' dir='ltr'>Edyudoue,</span> <span class='ocrx_word' id='word_1_131' title='bbox 696 2469 733 2524; x_wconf 92' lang='lat' dir='ltr'>de</span> <span class='ocrx_word' id='word_1_132' title='bbox 764 2469 882 2535; x_wconf 87' lang='lat' dir='ltr'>Ordine,</span> <span class='ocrx_word' id='word_1_133' title='bbox 916 2472 969 2541; x_wconf 91' lang='lat' dir='ltr'>qui</span> <span class='ocrx_word' id='word_1_134' title='bbox 1001 2470 1141 2535; x_wconf 86' lang='lat' dir='ltr'>nescitur,</span> <span class='ocrx_word' id='word_1_135' title='bbox 1169 2469 1206 2524; x_wconf 87' lang='lat' dir='ltr'>do</span> <span class='ocrx_word' id='word_1_136' title='bbox 1243 2475 1323 2524; x_wconf 87' lang='lat' dir='ltr'>secta</span> <span class='ocrx_word' id='word_1_137' title='bbox 1347 2469 1487 2523; x_wconf 80' lang='lat' dir='ltr'>Fratrum</span> <span class='ocrx_word' id='word_1_138' title='bbox 1512 2467 1548 2522; x_wconf 88' lang='lat' dir='ltr'>de</span> 
     </span>
     <span class='ocr_line' id='line_1_17' title="bbox 493 2554 679 2623; baseline -0.005 -15"><span class='ocrx_word' id='word_1_139' title='bbox 493 2554 679 2623; x_wconf 73' lang='lat' dir='ltr'>&#39;Asherugb</span> 
     </span>
     <span class='ocr_line' id='line_1_18' title="bbox 325 2633 1546 2699; baseline -0.002 -7"><span class='ocrx_word' id='word_1_140' title='bbox 325 2636 452 2688; x_wconf 74' lang='lat' dir='ltr'>Denthos</span> <span class='ocrx_word' id='word_1_141' title='bbox 531 2639 642 2692; x_wconf 88' lang='lat' dir='ltr'>Eodem</span> <span class='ocrx_word' id='word_1_142' title='bbox 670 2655 744 2692; x_wconf 90' lang='lat' dir='ltr'>anno</span> <span class='ocrx_word' id='word_1_143' title='bbox 770 2637 844 2693; x_wconf 85' lang='lat' dir='ltr'>obiit</span> <span class='ocrx_word' id='word_1_144' title='bbox 873 2637 1017 2693; x_wconf 85' lang='lat' dir='ltr'>Dominus</span> <span class='ocrx_word' id='word_1_145' title='bbox 1038 2636 1187 2692; x_wconf 89' lang='lat' dir='ltr'>Henrions</span> <span class='ocrx_word' id='word_1_146' title='bbox 1219 2635 1324 2691; x_wconf 84' lang='lat' dir='ltr'>Comes</span> <span class='ocrx_word' id='word_1_147' title='bbox 1358 2633 1546 2699; x_wconf 79' lang='lat' dir='ltr'>Laucastriae,</span> 
     </span>
     <span class='ocr_line' id='line_1_19' title="bbox 325 2702 1544 2793; baseline -0.002 -17"><span class='ocrx_word' id='word_1_148' title='bbox 325 2702 424 2768; x_wconf 56' lang='lat' dir='ltr'>Hm</span> <span class='ocrx_word' id='word_1_149' title='bbox 495 2728 579 2793; x_wconf 87' lang='lat' dir='ltr'>pater</span> <span class='ocrx_word' id='word_1_150' title='bbox 597 2721 723 2775; x_wconf 87' lang='lat' dir='ltr'>Heurici</span> <span class='ocrx_word' id='word_1_151' title='bbox 750 2720 874 2776; x_wconf 80' lang='lat' dir='ltr'>Comitis</span> <span class='ocrx_word' id='word_1_152' title='bbox 892 2721 928 2776; x_wconf 87' lang='lat' dir='ltr'>ds</span> <span class='ocrx_word' id='word_1_153' title='bbox 947 2721 1064 2791; x_wconf 87' lang='lat' dir='ltr'>Derby;</span> <span class='ocrx_word' id='word_1_154' title='bbox 1096 2727 1127 2774; x_wconf 90' lang='lat' dir='ltr'>et</span> <span class='ocrx_word' id='word_1_155' title='bbox 1153 2719 1285 2790; x_wconf 89' lang='lat' dir='ltr'>sepultus</span> <span class='ocrx_word' id='word_1_156' title='bbox 1303 2723 1349 2773; x_wconf 84' lang='lat' dir='ltr'>est</span> <span class='ocrx_word' id='word_1_157' title='bbox 1366 2718 1544 2788; x_wconf 69' lang='lat' dir='ltr'>Leycestriae</span> 
     </span>
     <span class='ocr_line' id='line_1_20' title="bbox 325 2768 1547 2887; baseline -0.002 -28"><span class='ocrx_word' id='word_1_158' title='bbox 325 2768 463 2887; x_wconf 49' lang='lat' dir='ltr'>grume?</span> <span class='ocrx_word' id='word_1_159' title='bbox 496 2803 719 2859; x_wconf 84' lang='lat' dir='ltr'>inMonasterio</span> <span class='ocrx_word' id='word_1_160' title='bbox 732 2803 953 2869; x_wconf 77' lang='lat' dir='ltr'>canonicorum,</span> <span class='ocrx_word' id='word_1_161' title='bbox 973 2803 1166 2875; x_wconf 67' lang='lat' dir='ltr'>praesentibus</span> <span class='ocrx_word' id='word_1_162' title='bbox 1185 2803 1268 2873; x_wconf 83' lang='lat' dir='ltr'>Rege</span> <span class='ocrx_word' id='word_1_163' title='bbox 1287 2809 1317 2856; x_wconf 87' lang='lat' dir='ltr'>et</span> <span class='ocrx_word' id='word_1_164' title='bbox 1334 2800 1460 2872; x_wconf 86' lang='lat' dir='ltr'>Regina,</span> <span class='ocrx_word' id='word_1_165' title='bbox 1487 2809 1547 2857; x_wconf 83' lang='lat' dir='ltr'>tam</span> 
     </span>
     <span class='ocr_line' id='line_1_21' title="bbox 462 2873 1549 2961; baseline -0.004 -16"><span class='ocrx_word' id='word_1_166' title='bbox 462 2873 469 2886; x_wconf 66' lang='grc'><strong>’</strong></span> <span class='ocrx_word' id='word_1_167' title='bbox 496 2891 618 2961; x_wconf 86' lang='lat' dir='ltr'>antiqua</span> <span class='ocrx_word' id='word_1_168' title='bbox 636 2907 726 2959; x_wconf 89' lang='lat' dir='ltr'>quam</span> <span class='ocrx_word' id='word_1_169' title='bbox 743 2907 828 2952; x_wconf 81' lang='lat' dir='ltr'>nova,</span> <span class='ocrx_word' id='word_1_170' title='bbox 848 2888 1085 2960; x_wconf 86' lang='lat' dir='ltr'>Archiepisoopis</span> <span class='ocrx_word' id='word_1_171' title='bbox 1103 2894 1134 2944; x_wconf 86' lang='lat' dir='ltr'>et</span> <span class='ocrx_word' id='word_1_172' title='bbox 1151 2887 1314 2958; x_wconf 89' lang='lat' dir='ltr'>Episcopis,</span> <span class='ocrx_word' id='word_1_173' title='bbox 1335 2885 1501 2941; x_wconf 87' lang='lat' dir='ltr'>Comitibus</span> <span class='ocrx_word' id='word_1_174' title='bbox 1519 2892 1549 2941; x_wconf 87' lang='lat' dir='ltr'>et</span> 
     </span>
     <span class='ocr_line' id='line_1_22' title="bbox 496 2970 1548 3043; baseline -0.004 -15"><span class='ocrx_word' id='word_1_175' title='bbox 496 2973 671 3037; x_wconf 89' lang='lat' dir='ltr'>Baronibus,</span> <span class='ocrx_word' id='word_1_176' title='bbox 691 2973 776 3043; x_wconf 89' lang='lat' dir='ltr'>quasi</span> <span class='ocrx_word' id='word_1_177' title='bbox 794 2972 885 3027; x_wconf 91' lang='lat' dir='ltr'>totius</span> <span class='ocrx_word' id='word_1_178' title='bbox 909 2973 1005 3041; x_wconf 83' lang='lat' dir='ltr'>regni.</span> <span class='ocrx_word' id='word_1_179' title='bbox 1043 2971 1139 3026; x_wconf 84' lang='lat' dir='ltr'>Filius</span> <span class='ocrx_word' id='word_1_180' title='bbox 1165 2971 1229 3039; x_wconf 88' lang='lat' dir='ltr'>ejus</span> <span class='ocrx_word' id='word_1_181' title='bbox 1255 2979 1285 3024; x_wconf 86' lang='lat' dir='ltr'>et</span> <span class='ocrx_word' id='word_1_182' title='bbox 1311 2970 1405 3024; x_wconf 75' lang='lat' dir='ltr'>haeres</span> <span class='ocrx_word' id='word_1_183' title='bbox 1424 2987 1460 3025; x_wconf 94' lang='lat' dir='ltr'>eo</span> <span class='ocrx_word' id='word_1_184' title='bbox 1477 2977 1548 3025; x_wconf 91' lang='lat' dir='ltr'>tem·</span> 
     </span>
     <span class='ocr_line' id='line_1_23' title="bbox 495 3054 1548 3129; baseline -0.003 -17"><span class='ocrx_word' id='word_1_185' title='bbox 495 3075 566 3129; x_wconf 88' lang='lat' dir='ltr'>pore</span> <span class='ocrx_word' id='word_1_186' title='bbox 583 3058 616 3111; x_wconf 90' lang='lat' dir='ltr'>iu</span> <span class='ocrx_word' id='word_1_187' title='bbox 633 3056 797 3120; x_wconf 86' lang='lat' dir='ltr'>Wasconia,</span> <span class='ocrx_word' id='word_1_188' title='bbox 816 3062 851 3110; x_wconf 88' lang='lat' dir='ltr'>ut</span> <span class='ocrx_word' id='word_1_189' title='bbox 877 3056 1042 3128; x_wconf 85' lang='lat' dir='ltr'>praesertur,</span> <span class='ocrx_word' id='word_1_190' title='bbox 1071 3062 1154 3110; x_wconf 91' lang='lat' dir='ltr'>actus</span> <span class='ocrx_word' id='word_1_191' title='bbox 1179 3054 1333 3108; x_wconf 90' lang='lat' dir='ltr'>bellicosos</span> <span class='ocrx_word' id='word_1_192' title='bbox 1359 3063 1390 3108; x_wconf 84' lang='lat' dir='ltr'>et</span> <span class='ocrx_word' id='word_1_193' title='bbox 1415 3065 1548 3109; x_wconf 86' lang='lat' dir='ltr'>strenuos</span> 
     </span>
    </p>
   </div>
   <div class='ocr_carea' id='block_1_3' title="bbox 495 3137 1546 3212">
    <p class='ocr_par' dir='ltr' id='par_1_3' title="bbox 495 3137 1546 3212">
     <span class='ocr_line' id='line_1_24' title="bbox 495 3137 1546 3212; baseline -0.004 -16"><span class='ocrx_word' id='word_1_194' title='bbox 495 3143 665 3208; x_wconf 55' lang='lat' dir='ltr'>exercebam</span> <span class='ocrx_word' id='word_1_195' title='bbox 686 3141 875 3212; x_wconf 87' lang='lat' dir='ltr'>quamobrem</span> <span class='ocrx_word' id='word_1_196' title='bbox 892 3141 1035 3197; x_wconf 82' lang='lat' dir='ltr'>interesse</span> <span class='ocrx_word' id='word_1_197' title='bbox 1053 3156 1110 3195; x_wconf 91' lang='lat' dir='ltr'>uon</span> <span class='ocrx_word' id='word_1_198' title='bbox 1128 3139 1224 3210; x_wconf 85' lang='lat' dir='ltr'>potuit</span> <span class='ocrx_word' id='word_1_199' title='bbox 1241 3139 1373 3209; x_wconf 82' lang='lat' dir='ltr'>exequiis</span> <span class='ocrx_word' id='word_1_200' title='bbox 1385 3137 1546 3209; x_wconf 87' lang='lat' dir='ltr'>patrissui.</span> 
     </span>
    </p>
   </div>
   <div class='ocr_carea' id='block_1_4' title="bbox 672 3303 1370 3390">
    <p class='ocr_par' dir='ltr' id='par_1_4' title="bbox 672 3303 1370 3390">
     <span class='ocr_line' id='line_1_25' title="bbox 672 3303 1370 3390; baseline -0.007 -17"><span class='ocrx_word' id='word_1_201' title='bbox 672 3305 763 3374; x_wconf 68' lang='lat' dir='ltr'>scoti</span> <span class='ocrx_word' id='word_1_202' title='bbox 792 3304 994 3372; x_wconf 59' lang='lat' dir='ltr'>wamiam</span> <span class='ocrx_word' id='word_1_203' title='bbox 1024 3304 1126 3371; x_wconf 78' lang='lat' dir='ltr'>villas</span> <span class='ocrx_word' id='word_1_204' title='bbox 1155 3305 1197 3370; x_wconf 82' lang='lat' dir='ltr'>ia</span> <span class='ocrx_word' id='word_1_205' title='bbox 1226 3303 1370 3390; x_wconf 65' lang='lat' dir='ltr'>Anplia,</span> 
     </span>
    </p>
   </div>
   <div class='ocr_carea' id='block_1_5' title="bbox 326 3456 1549 4707">
    <p class='ocr_par' dir='ltr' id='par_1_5' title="bbox 326 3456 1549 4707">
     <span class='ocr_line' id='line_1_26' title="bbox 327 3456 1549 3528; baseline -0.002 -15"><span class='ocrx_word' id='word_1_206' title='bbox 327 3474 467 3524; x_wconf 61' lang='lat' dir='ltr'>Thesffitg</span> <span class='ocrx_word' id='word_1_207' title='bbox 530 3459 609 3514; x_wconf 84' lang='lat' dir='ltr'>Scoti</span> <span class='ocrx_word' id='word_1_208' title='bbox 635 3459 689 3514; x_wconf 90' lang='lat' dir='ltr'>sub</span> <span class='ocrx_word' id='word_1_209' title='bbox 710 3459 768 3513; x_wconf 92' lang='lat' dir='ltr'>hiis</span> <span class='ocrx_word' id='word_1_210' title='bbox 793 3459 904 3521; x_wconf 68' lang='lat' dir='ltr'>dicbus</span> <span class='ocrx_word' id='word_1_211' title='bbox 931 3459 1053 3514; x_wconf 90' lang='lat' dir='ltr'>collecto</span> <span class='ocrx_word' id='word_1_212' title='bbox 1071 3459 1200 3514; x_wconf 85' lang='lat' dir='ltr'>exercitu</span> <span class='ocrx_word' id='word_1_213' title='bbox 1226 3457 1310 3528; x_wconf 89' lang='lat' dir='ltr'>quasi</span> <span class='ocrx_word' id='word_1_214' title='bbox 1336 3456 1461 3526; x_wconf 85' lang='lat' dir='ltr'>triginta</span> <span class='ocrx_word' id='word_1_215' title='bbox 1485 3458 1549 3511; x_wconf 92' lang='lat' dir='ltr'>mil·</span> 
     </span>
     <span class='ocr_line' id='line_1_27' title="bbox 326 3540 1548 3620; baseline 0.005 -32"><span class='ocrx_word' id='word_1_216' title='bbox 326 3543 468 3620; x_wconf 72' lang='lat' dir='ltr'>ravagethe</span> <span class='ocrx_word' id='word_1_217' title='bbox 494 3542 577 3607; x_wconf 89' lang='lat' dir='ltr'>lium,</span> <span class='ocrx_word' id='word_1_218' title='bbox 610 3543 683 3596; x_wconf 89' lang='lat' dir='ltr'>duce</span> <span class='ocrx_word' id='word_1_219' title='bbox 708 3542 857 3596; x_wconf 76' lang='lat' dir='ltr'>ll&#39;illclmo</span> <span class='ocrx_word' id='word_1_220' title='bbox 891 3542 1014 3612; x_wconf 85' lang='lat' dir='ltr'>Duglas,</span> <span class='ocrx_word' id='word_1_221' title='bbox 1047 3542 1125 3612; x_wconf 87' lang='lat' dir='ltr'>apud</span> <span class='ocrx_word' id='word_1_222' title='bbox 1149 3540 1364 3595; x_wconf 79' lang='lat' dir='ltr'>ll&#39;estmerlaud</span> <span class='ocrx_word' id='word_1_223' title='bbox 1402 3541 1548 3596; x_wconf 82' lang='lat' dir='ltr'>hostiliter</span> 
     </span>
     <span class='ocr_line' id='line_1_28' title="bbox 326 3607 1547 3722; baseline 0 -41"><span class='ocrx_word' id='word_1_224' title='bbox 326 3607 434 3722; x_wconf 38' lang='lat' dir='ltr'>{gut-3¹&amp;</span> <span class='ocrx_word' id='word_1_225' title='bbox 492 3628 631 3696; x_wconf 81' lang='lat' dir='ltr'>Angliuur</span> <span class='ocrx_word' id='word_1_226' title='bbox 650 3640 716 3682; x_wconf 88' lang='lat' dir='ltr'>sunt</span> <span class='ocrx_word' id='word_1_227' title='bbox 736 3628 880 3697; x_wconf 82' lang='lat' dir='ltr'>ingressi3</span> <span class='ocrx_word' id='word_1_228' title='bbox 901 3628 938 3681; x_wconf 88' lang='lat' dir='ltr'>ad</span> <span class='ocrx_word' id='word_1_229' title='bbox 950 3627 1156 3681; x_wconf 89' lang='lat' dir='ltr'>insinuandum</span> <span class='ocrx_word' id='word_1_230' title='bbox 1170 3644 1241 3696; x_wconf 76' lang='lat' dir='ltr'>erga</span> <span class='ocrx_word' id='word_1_231' title='bbox 1253 3626 1383 3696; x_wconf 89' lang='lat' dir='ltr'>ipsorum</span> <span class='ocrx_word' id='word_1_232' title='bbox 1395 3626 1547 3691; x_wconf 88' lang='lat' dir='ltr'>malitiam,</span> 
     </span>
     <span class='ocr_line' id='line_1_29' title="bbox 340 3688 1547 3774; baseline 0.002 -11"><span class='ocrx_word' id='word_1_233' title='bbox 340 3688 378 3720; x_wconf 60' lang='lat'>&#39;⁰¹</span> <span class='ocrx_word' id='word_1_234' title='bbox 396 3690 443 3723; x_wconf 41' lang='grc' dir='ltr'><em>Ἦ</em></span> <span class='ocrx_word' id='word_1_235' title='bbox 493 3710 666 3764; x_wconf 88' lang='lat' dir='ltr'>Karleolum</span> <span class='ocrx_word' id='word_1_236' title='bbox 693 3720 721 3765; x_wconf 87' lang='lat' dir='ltr'>et</span> <span class='ocrx_word' id='word_1_237' title='bbox 747 3711 884 3774; x_wconf 85' lang='lat' dir='ltr'>Peureth,</span> <span class='ocrx_word' id='word_1_238' title='bbox 905 3721 934 3766; x_wconf 87' lang='lat' dir='ltr'>et</span> <span class='ocrx_word' id='word_1_239' title='bbox 953 3713 1061 3766; x_wconf 87' lang='lat' dir='ltr'>multas</span> <span class='ocrx_word' id='word_1_240' title='bbox 1085 3712 1158 3765; x_wconf 85' lang='lat' dir='ltr'>alias</span> <span class='ocrx_word' id='word_1_241' title='bbox 1177 3711 1295 3764; x_wconf 64' lang='lat' dir='ltr'>villulas</span> <span class='ocrx_word' id='word_1_242' title='bbox 1315 3711 1547 3767; x_wconf 78' lang='lat' dir='ltr'>combussenmt.</span> 
     </span>
     <span class='ocr_line' id='line_1_30' title="bbox 493 3794 1546 3865; baseline 0.004 -18"><span class='ocrx_word' id='word_1_243' title='bbox 493 3795 654 3863; x_wconf 82' lang='lat' dir='ltr'>Episcopus</span> <span class='ocrx_word' id='word_1_244' title='bbox 692 3794 785 3864; x_wconf 85' lang='lat' dir='ltr'>igitur</span> <span class='ocrx_word' id='word_1_245' title='bbox 817 3796 999 3865; x_wconf 81' lang='lat' dir='ltr'>Lugubaliae,</span> <span class='ocrx_word' id='word_1_246' title='bbox 1042 3804 1071 3850; x_wconf 85' lang='lat' dir='ltr'>et</span> <span class='ocrx_word' id='word_1_247' title='bbox 1109 3795 1234 3849; x_wconf 83' lang='lat' dir='ltr'>Thomas</span> <span class='ocrx_word' id='word_1_248' title='bbox 1265 3794 1300 3848; x_wconf 89' lang='lat' dir='ltr'>de</span> <span class='ocrx_word' id='word_1_249' title='bbox 1332 3795 1423 3865; x_wconf 72' lang='lat' dir='ltr'>Lucy,</span> <span class='ocrx_word' id='word_1_250' title='bbox 1463 3797 1546 3851; x_wconf 90' lang='lat' dir='ltr'>miles</span> 
     </span>
     <span class='ocr_line' id='line_1_31' title="bbox 493 3879 1544 3950; baseline 0.002 -18"><span class='ocrx_word' id='word_1_251' title='bbox 493 3880 726 3941; x_wconf 84' lang='lat' dir='ltr'>strenuissimus,</span> <span class='ocrx_word' id='word_1_252' title='bbox 747 3897 814 3933; x_wconf 91' lang='lat' dir='ltr'>cum</span> <span class='ocrx_word' id='word_1_253' title='bbox 832 3898 922 3950; x_wconf 77' lang='lat' dir='ltr'>parva</span> <span class='ocrx_word' id='word_1_254' title='bbox 941 3899 1029 3934; x_wconf 88' lang='lat' dir='ltr'>mauu</span> <span class='ocrx_word' id='word_1_255' title='bbox 1048 3898 1083 3934; x_wconf 84' lang='lat' dir='ltr'>ex</span> <span class='ocrx_word' id='word_1_256' title='bbox 1102 3879 1180 3935; x_wconf 92' lang='lat' dir='ltr'>omni</span> <span class='ocrx_word' id='word_1_257' title='bbox 1202 3888 1285 3950; x_wconf 80' lang='lat' dir='ltr'>parte</span> <span class='ocrx_word' id='word_1_258' title='bbox 1299 3880 1453 3934; x_wconf 85' lang='lat' dir='ltr'>Scotorum</span> <span class='ocrx_word' id='word_1_259' title='bbox 1466 3898 1544 3934; x_wconf 82' lang='lat' dir='ltr'>exer·</span> 
     </span>
     <span class='ocr_line' id='line_1_32' title="bbox 493 3962 1545 4028; baseline 0.001 -11"><span class='ocrx_word' id='word_1_260' title='bbox 493 3963 585 4017; x_wconf 90' lang='lat' dir='ltr'>citum</span> <span class='ocrx_word' id='word_1_261' title='bbox 615 3962 794 4017; x_wconf 85' lang='lat' dir='ltr'>circuierunt</span> <span class='ocrx_word' id='word_1_262' title='bbox 816 3965 846 4017; x_wconf 94' lang='lat' dir='ltr'>iu</span> <span class='ocrx_word' id='word_1_263' title='bbox 869 3965 1013 4028; x_wconf 88' lang='lat' dir='ltr'>noctibus,</span> <span class='ocrx_word' id='word_1_264' title='bbox 1034 3972 1064 4019; x_wconf 84' lang='lat' dir='ltr'>et</span> <span class='ocrx_word' id='word_1_265' title='bbox 1089 3965 1171 4018; x_wconf 90' lang='lat' dir='ltr'>lituis</span> <span class='ocrx_word' id='word_1_266' title='bbox 1199 3973 1228 4018; x_wconf 90' lang='lat' dir='ltr'>et</span> <span class='ocrx_word' id='word_1_267' title='bbox 1253 3964 1398 4026; x_wconf 88' lang='lat' dir='ltr'>cornibus,</span> <span class='ocrx_word' id='word_1_268' title='bbox 1427 3972 1457 4018; x_wconf 85' lang='lat' dir='ltr'>et</span> <span class='ocrx_word' id='word_1_269' title='bbox 1480 3981 1545 4018; x_wconf 91' lang='lat' dir='ltr'>noc·</span> 
     </span>
     <span class='ocr_line' id='line_1_33' title="bbox 495 4046 1547 4119; baseline 0.003 -19"><span class='ocrx_word' id='word_1_270' title='bbox 495 4048 590 4101; x_wconf 86' lang='lat' dir='ltr'>turnis</span> <span class='ocrx_word' id='word_1_271' title='bbox 621 4046 808 4111; x_wconf 89' lang='lat' dir='ltr'>elamoribus,</span> <span class='ocrx_word' id='word_1_272' title='bbox 839 4049 880 4102; x_wconf 90' lang='lat' dir='ltr'>sic</span> <span class='ocrx_word' id='word_1_273' title='bbox 900 4049 1146 4119; x_wconf 70' lang='lat' dir='ltr'>inquietaverunt,</span> <span class='ocrx_word' id='word_1_274' title='bbox 1167 4056 1199 4102; x_wconf 88' lang='lat' dir='ltr'>ut</span> <span class='ocrx_word' id='word_1_275' title='bbox 1224 4066 1276 4102; x_wconf 89' lang='lat' dir='ltr'>nec</span> <span class='ocrx_word' id='word_1_276' title='bbox 1297 4066 1350 4118; x_wconf 91' lang='lat' dir='ltr'>pro</span> <span class='ocrx_word' id='word_1_277' title='bbox 1370 4048 1547 4103; x_wconf 73' lang='lat' dir='ltr'>victualibus</span> 
     </span>
     <span class='ocr_line' id='line_1_34' title="bbox 495 4132 1547 4204; baseline 0.001 -19"><span class='ocrx_word' id='word_1_278' title='bbox 495 4134 573 4186; x_wconf 85' lang='lat' dir='ltr'>exire</span> <span class='ocrx_word' id='word_1_279' title='bbox 587 4132 737 4197; x_wconf 87' lang='lat' dir='ltr'>auderent,</span> <span class='ocrx_word' id='word_1_280' title='bbox 751 4149 804 4186; x_wconf 91' lang='lat' dir='ltr'>uec</span> <span class='ocrx_word' id='word_1_281' title='bbox 817 4133 948 4187; x_wconf 84' lang='lat' dir='ltr'>membra</span> <span class='ocrx_word' id='word_1_282' title='bbox 966 4134 1036 4187; x_wconf 84' lang='lat' dir='ltr'>dare</span> <span class='ocrx_word' id='word_1_283' title='bbox 1055 4134 1161 4204; x_wconf 91' lang='lat' dir='ltr'>sopori.</span> <span class='ocrx_word' id='word_1_284' title='bbox 1200 4132 1337 4196; x_wconf 84' lang='lat' dir='ltr'>Tandem,</span> <span class='ocrx_word' id='word_1_285' title='bbox 1359 4150 1425 4185; x_wconf 87' lang='lat' dir='ltr'>cum</span> <span class='ocrx_word' id='word_1_286' title='bbox 1446 4133 1547 4187; x_wconf 82' lang='lat' dir='ltr'>Scotos</span> 
     </span>
     <span class='ocr_line' id='line_1_35' title="bbox 497 4215 1547 4286; baseline 0 -18"><span class='ocrx_word' id='word_1_287' title='bbox 497 4217 614 4270; x_wconf 89' lang='lat' dir='ltr'>omnino</span> <span class='ocrx_word' id='word_1_288' title='bbox 633 4222 755 4285; x_wconf 83' lang='lat' dir='ltr'>urgeret</span> <span class='ocrx_word' id='word_1_289' title='bbox 772 4216 941 4281; x_wconf 83' lang='lat' dir='ltr'>necessitas,</span> <span class='ocrx_word' id='word_1_290' title='bbox 961 4216 1125 4270; x_wconf 79' lang='lat' dir='ltr'>Alexander</span> <span class='ocrx_word' id='word_1_291' title='bbox 1139 4216 1295 4286; x_wconf 79' lang='lat' dir='ltr'>Stragaun,</span> <span class='ocrx_word' id='word_1_292' title='bbox 1316 4215 1485 4269; x_wconf 86' lang='lat' dir='ltr'>coadunatis</span> <span class='ocrx_word' id='word_1_293' title='bbox 1512 4215 1547 4268; x_wconf 87' lang='lat' dir='ltr'>de</span> 
     </span>
     <span class='ocr_line' id='line_1_36' title="bbox 328 4298 1548 4371; baseline 0 -17"><span class='ocrx_word' id='word_1_294' title='bbox 328 4298 487 4347; x_wconf 66' lang='lat' dir='ltr'>Prowessof</span> <span class='ocrx_word' id='word_1_295' title='bbox 498 4301 701 4356; x_wconf 84' lang='lat' dir='ltr'>audacioribus</span> <span class='ocrx_word' id='word_1_296' title='bbox 720 4318 781 4355; x_wconf 71' lang='lat' dir='ltr'>suaa</span> <span class='ocrx_word' id='word_1_297' title='bbox 800 4300 906 4371; x_wconf 83' lang='lat' dir='ltr'>gentis,</span> <span class='ocrx_word' id='word_1_298' title='bbox 927 4301 1098 4371; x_wconf 84' lang='lat' dir='ltr'>pabulatum</span> <span class='ocrx_word' id='word_1_299' title='bbox 1116 4300 1194 4354; x_wconf 82' lang='lat' dir='ltr'>exiro</span> <span class='ocrx_word' id='word_1_300' title='bbox 1214 4301 1367 4369; x_wconf 85' lang='lat' dir='ltr'>disposuit.</span> <span class='ocrx_word' id='word_1_301' title='bbox 1405 4298 1462 4352; x_wconf 90' lang='lat' dir='ltr'>Cui</span> <span class='ocrx_word' id='word_1_302' title='bbox 1483 4316 1548 4354; x_wconf 83' lang='lat' dir='ltr'>mox</span> 
     </span>
     <span class='ocr_line' id='line_1_37' title="bbox 327 4364 1548 4481; baseline -0.002 -43"><span class='ocrx_word' id='word_1_303' title='bbox 327 4364 421 4481; x_wconf 58' lang='lat' dir='ltr'>g⁰bifi¹</span> <span class='ocrx_word' id='word_1_304' title='bbox 464 4385 612 4480; x_wconf 68' lang='lat' dir='ltr'>dobviam</span> <span class='ocrx_word' id='word_1_305' title='bbox 646 4386 679 4441; x_wconf 90' lang='lat' dir='ltr'>fit</span> <span class='ocrx_word' id='word_1_306' title='bbox 706 4384 900 4440; x_wconf 86' lang='lat' dir='ltr'>Karlioleusis</span> <span class='ocrx_word' id='word_1_307' title='bbox 925 4386 1098 4456; x_wconf 87' lang='lat' dir='ltr'>Episcopus,</span> <span class='ocrx_word' id='word_1_308' title='bbox 1125 4402 1192 4439; x_wconf 89' lang='lat' dir='ltr'>cum</span> <span class='ocrx_word' id='word_1_309' title='bbox 1217 4384 1344 4438; x_wconf 85' lang='lat' dir='ltr'>Roberto</span> <span class='ocrx_word' id='word_1_310' title='bbox 1375 4381 1488 4452; x_wconf 85' lang='lat' dir='ltr'>Oggill,</span> <span class='ocrx_word' id='word_1_311' title='bbox 1520 4388 1548 4437; x_wconf 84' lang='lat' dir='ltr'>et</span> 
     </span>
     <span class='ocr_line' id='line_1_38' title="bbox 327 4444 1547 4560; baseline -0.001 -38"><span class='ocrx_word' id='word_1_312' title='bbox 327 4444 472 4560; x_wconf 47' lang='lat' dir='ltr'>,hffiishasp</span> <span class='ocrx_word' id='word_1_313' title='bbox 496 4471 605 4525; x_wconf 89' lang='lat' dir='ltr'>acriter</span> <span class='ocrx_word' id='word_1_314' title='bbox 630 4472 751 4525; x_wconf 80' lang='lat' dir='ltr'>irruunt</span> <span class='ocrx_word' id='word_1_315' title='bbox 775 4488 863 4541; x_wconf 89' lang='lat' dir='ltr'>super</span> <span class='ocrx_word' id='word_1_316' title='bbox 883 4469 995 4525; x_wconf 82' lang='lat' dir='ltr'>Scotos.</span> <span class='ocrx_word' id='word_1_317' title='bbox 1041 4469 1167 4523; x_wconf 91' lang='lat' dir='ltr'>Demum</span> <span class='ocrx_word' id='word_1_318' title='bbox 1194 4486 1257 4523; x_wconf 90' lang='lat' dir='ltr'>sors</span> <span class='ocrx_word' id='word_1_319' title='bbox 1284 4467 1408 4522; x_wconf 86' lang='lat' dir='ltr'>contulit</span> <span class='ocrx_word' id='word_1_320' title='bbox 1433 4475 1466 4521; x_wconf 89' lang='lat' dir='ltr'>ut</span> <span class='ocrx_word' id='word_1_321' title='bbox 1491 4466 1547 4521; x_wconf 90' lang='lat' dir='ltr'>Ro·</span> 
     </span>
     <span class='ocr_line' id='line_1_39' title="bbox 326 4550 1546 4624; baseline -0.002 -19"><span class='ocrx_word' id='word_1_322' title='bbox 326 4563 356 4611; x_wconf 81' lang='lat' dir='ltr'>of</span> <span class='ocrx_word' id='word_1_323' title='bbox 369 4563 480 4614; x_wconf 63' lang='lat' dir='ltr'>carlisle,</span> <span class='ocrx_word' id='word_1_324' title='bbox 496 4551 596 4608; x_wconf 86' lang='lat' dir='ltr'>bertus</span> <span class='ocrx_word' id='word_1_325' title='bbox 627 4553 729 4624; x_wconf 86' lang='lat' dir='ltr'>Oggill</span> <span class='ocrx_word' id='word_1_326' title='bbox 760 4572 826 4608; x_wconf 91' lang='lat' dir='ltr'>cum</span> <span class='ocrx_word' id='word_1_327' title='bbox 857 4553 1023 4607; x_wconf 83' lang='lat' dir='ltr'>Alexandro</span> <span class='ocrx_word' id='word_1_328' title='bbox 1048 4552 1187 4622; x_wconf 83' lang='lat' dir='ltr'>praedieto</span> <span class='ocrx_word' id='word_1_329' title='bbox 1217 4551 1408 4607; x_wconf 85' lang='lat' dir='ltr'>hastiludiare</span> <span class='ocrx_word' id='word_1_330' title='bbox 1426 4550 1546 4605; x_wconf 78' lang='lat' dir='ltr'>valeret.</span> 
     </span>
     <span class='ocr_line' id='line_1_40' title="bbox 498 4635 1548 4707; baseline 0.002 -17"><span class='ocrx_word' id='word_1_331' title='bbox 498 4635 555 4704; x_wconf 89' lang='lat' dir='ltr'>Qui</span> <span class='ocrx_word' id='word_1_332' title='bbox 568 4654 675 4707; x_wconf 82' lang='lat' dir='ltr'>cogens</span> <span class='ocrx_word' id='word_1_333' title='bbox 688 4638 867 4693; x_wconf 81' lang='lat' dir='ltr'>dextrarium</span> <span class='ocrx_word' id='word_1_334' title='bbox 880 4637 1078 4701; x_wconf 74' lang='lat' dir='ltr'>vehementer,</span> <span class='ocrx_word' id='word_1_335' title='bbox 1099 4654 1166 4691; x_wconf 89' lang='lat' dir='ltr'>eum</span> <span class='ocrx_word' id='word_1_336' title='bbox 1177 4636 1278 4691; x_wconf 88' lang='lat' dir='ltr'>lancea</span> <span class='ocrx_word' id='word_1_337' title='bbox 1289 4643 1437 4706; x_wconf 84' lang='lat' dir='ltr'>praeacuta</span> <span class='ocrx_word' id='word_1_338' title='bbox 1456 4636 1548 4707; x_wconf 89' lang='lat' dir='ltr'>ipsius</span> 
     </span>
    </p>
   </div>
   <div class='ocr_carea' id='block_1_6' title="bbox 497 4723 1545 4797">
    <p class='ocr_par' dir='ltr' id='par_1_6' title="bbox 497 4723 1545 4797">
     <span class='ocr_line' id='line_1_41' title="bbox 497 4723 1545 4797; baseline 0.003 -19"><span class='ocrx_word' id='word_1_339' title='bbox 497 4723 655 4779; x_wconf 83' lang='lat' dir='ltr'>Alexandri</span> <span class='ocrx_word' id='word_1_340' title='bbox 680 4743 785 4797; x_wconf 90' lang='lat' dir='ltr'>corpus</span> <span class='ocrx_word' id='word_1_341' title='bbox 818 4725 987 4796; x_wconf 73' lang='lat' dir='ltr'>perforavit,</span> <span class='ocrx_word' id='word_1_342' title='bbox 1019 4742 1077 4780; x_wconf 92' lang='lat' dir='ltr'>uon</span> <span class='ocrx_word' id='word_1_343' title='bbox 1113 4725 1175 4779; x_wconf 89' lang='lat' dir='ltr'>sine</span> <span class='ocrx_word' id='word_1_344' title='bbox 1212 4724 1330 4779; x_wconf 82' lang='lat' dir='ltr'>loesioue</span> <span class='ocrx_word' id='word_1_345' title='bbox 1363 4726 1409 4779; x_wconf 89' lang='lat' dir='ltr'>sui</span> <span class='ocrx_word' id='word_1_346' title='bbox 1442 4726 1545 4795; x_wconf 89' lang='lat' dir='ltr'>ipsius.</span> 
     </span>
    </p>
   </div>
   <div class='ocr_carea' id='block_1_7' title="bbox 520 4969 1545 5119">
    <p class='ocr_par' dir='ltr' id='par_1_7' title="bbox 520 4969 1545 5119">
     <span class='ocr_line' id='line_1_42' title="bbox 520 4969 1545 5039; baseline 0.007 -21"><span class='ocrx_word' id='word_1_347' title='bbox 520 4969 654 5033; x_wconf 80' lang='lat' dir='ltr'>&#39;obstipuit</span> <span class='ocrx_word' id='word_1_348' title='bbox 668 4970 819 5037; x_wconf 76' lang='lat' dir='ltr'>inorig.;b5</span> <span class='ocrx_word' id='word_1_349' title='bbox 829 4974 1012 5024; x_wconf 76' lang='lat' dir='ltr'>inadverteuee</span> <span class='ocrx_word' id='word_1_350' title='bbox 1048 4974 1111 5038; x_wconf 86' lang='lat' dir='ltr'>Reg.</span> <span class='ocrx_word' id='word_1_351' title='bbox 1133 4980 1163 5024; x_wconf 88' lang='grc'>13</span> <span class='ocrx_word' id='word_1_352' title='bbox 1187 4975 1216 5024; x_wconf 89' lang='grc' dir='ltr'>Ε.</span> <span class='ocrx_word' id='word_1_353' title='bbox 1244 4975 1292 5025; x_wconf 85' lang='lat' dir='ltr'>ix.:</span> <span class='ocrx_word' id='word_1_354' title='bbox 1309 4973 1437 5039; x_wconf 74' lang='lat' dir='ltr'>Aslrnepk</span> <span class='ocrx_word' id='word_1_355' title='bbox 1458 4973 1484 5024; x_wconf 89' lang='lat' dir='ltr'>in</span> <span class='ocrx_word' id='word_1_356' title='bbox 1504 4975 1545 5025; x_wconf 85' lang='lat' dir='ltr'>the</span> 
     </span>
     <span class='ocr_line' id='line_1_43' title="bbox 520 5051 1231 5119; baseline 0.01 -21"><span class='ocrx_word' id='word_1_357' title='bbox 520 5051 699 5114; x_wconf 66' lang='lat' dir='ltr'>²ilppurently</span> <span class='ocrx_word' id='word_1_358' title='bbox 713 5052 880 5119; x_wconf 69' lang='lat' dir='ltr'>Asslcriiq5er</span> <span class='ocrx_word' id='word_1_359' title='bbox 900 5055 927 5102; x_wconf 89' lang='lat' dir='ltr'>iu</span> <span class='ocrx_word' id='word_1_360' title='bbox 946 5053 1013 5103; x_wconf 89' lang='lat' dir='ltr'>Bibl.</span> <span class='ocrx_word' id='word_1_361' title='bbox 1048 5054 1145 5117; x_wconf 83' lang='lat' dir='ltr'>printed</span> <span class='ocrx_word' id='word_1_362' title='bbox 1158 5064 1231 5105; x_wconf 78' lang='lat' dir='ltr'>texts</span> 
     </span>
    </p>
   </div>
   <div class='ocr_carea' id='block_1_8' title="bbox 0 0 1881 6244">
    <p class='ocr_par' dir='ltr' id='par_1_8' title="bbox 0 0 1881 6244">
     <span class='ocr_line' id='line_1_44' title="bbox 0 0 1881 6244; baseline 0 0"><span class='ocrx_word' id='word_1_363' title='bbox 0 0 1881 6244; x_wconf 95' lang='lat' dir='ltr'> </span> 
     </span>
    </p>
   </div>
  </div>
 </body>
</html>
