3750 6250
488 1104 552 1169 246
819 1110 948 1158 rsonae
968 1106 1201 1157 waserscusu

319 1308 388 1360 AD.
402 1299 496 1359 1341.ί
501 1295 657 1351 ‘consiliis
687 1304 756 1352 sunt
786 1296 930 1351 veraciter
968 1294 1154 1358 ascribendae,
1189 1292 1324 1364 nequiter
1354 1291 1476 1348 simulat
1505 1298 1628 1355 sembi

490 1380 643 1444 “,habero
665 1388 696 1437 et
722 1379 863 1452 quasdam
886 1378 1216 1434 excommunicationum
1240 1377 1410 1441 sententias,
1435 1377 1468 1431 in
1491 1374 1597 1431 eo·⁶⁵·b

490 1467 508 1490 “
528 1464 697 1521 clesiasticse
715 1464 860 1520 libertatis
879 1469 910 1519 et
927 1462 1044 1533 Magnae
1063 1462 1179 1517 chuta
1199 1461 1383 1517 violatores
1374 1479 1407 1515 m
1418 1477 1536 1531 genere,
1549 1434 1628 1555 ξ*

489 1552 508 1575 “
527 1548 638 1604 dudum
656 1550 740 1615 latas,
760 1549 798 1605 ad
816 1546 1033 1619 suggillandam
1045 1547 1210 1617 opinionem
1221 1546 1344 1617 regiam,
1358 1546 1538 1616 etpraelatos
1548 1571 1628 1637 pm

489 1634 508 1658 “
527 1632 675 1688 ministros
695 1634 793 1704 regios
817 1630 1041 1694 diffamandos,
1042 1647 1076 1684 ac
1097 1629 1283 1685 seditiones
1274 1647 1307 1683 m
1325 1628 1435 1701 populo
1454 1630 1538 1685 nobis

489 1717 693 1772 “commissio
714 1717 874 1788 proditorie
898 1714 1091 1777 suscitandas,
1118 1720 1148 1768 et
1170 1713 1354 1768 devotionem
1378 1712 1536 1777 Comitum,

489 1803 508 1827 “
527 1800 697 1865 Procerum⁹
718 1806 749 1854 et
768 1806 938 1870 magnatum
959 1798 1046 1869 regni
1065 1799 1169 1862 nostri,
1188 1797 1336 1868 majestati
1353 1798 1447 1869 regias
1471 1798 1537 1853 sub·

489 1887 508 1911 ‘⁴
527 1884 708 1947 trahendam,
729 1883 903 1954 specificatis
923 1881 1072 1936 nonnullis
1092 1880 1234 1945 articulis,
1256 1887 1364 1952 praeter
1384 1891 1416 1936 et
1438 1888 1539 1937 contra

489 1967 648 2023 “solitum
668 1967 788 2022 modum
806 1967 838 2021 in
859 1966 990 2022 Concilio
1011 1964 1191 2020 Provinciali
1213 1963 1365 2029 aedium,
1387 1965 1538 2021 mandavit

489 2054 508 2079 “
528 2068 580 2123 per
610 2068 678 2106 suas
707 2050 821 2106 litteras
851 2051 883 2105 in
911 2048 1046 2122 pluribus
1082 2049 1154 2103 locis
1183 2048 1349 2118 insignibus
1380 2049 1535 2119 publicari.

490 2139 508 2163 ‘⁴
529 2135 725 2205 Quamobrem
754 2152 806 2189 nos
836 2134 977 2198 volentes,
1008 2140 1043 2188 ut
1076 2139 1218 2197 tenemur,
1249 2132 1415 2201 integritati
1453 2134 1537 2188 sama

489 2221 509 2246 “
527 2226 635 2275 nostrae
653 2219 828 2289 prospicere,
851 2223 882 2273 et
899 2217 1014 2289 praefati
1029 2215 1251 2286 Arohiepiscopi
1268 2215 1390 2269 malitia
1409 2216 1536 2281 obviare,

489 2306 509 2331 “
527 2310 701 2376 paratosque
721 2302 805 2357 nobis
824 2309 854 2357 et
871 2303 980 2358 nostris
998 2301 1109 2373 abipso
1121 2301 1240 2371 laqueos
1253 2302 1368 2355 cautius
1381 2300 1536 2365 declinare,

490 2391 509 2415 “
528 2386 719 2460 providimus,
740 2390 847 2458 praeter
878 2403 913 2440 ca
935 2403 1001 2455 quae
1031 2384 1165 2456 superius
1187 2401 1324 2454 expressa
1345 2391 1423 2448 sunt,
1445 2392 1480 2441 ut
1502 2385 1538 2440 ad

490 2475 509 2499 “
528 2488 657 2544 praesens
685 2469 721 2525 de
744 2469 846 2524 multis
867 2470 931 2541 ejus
956 2468 1068 2524 actibus
1091 2475 1248 2531 taceamus,
1275 2468 1375 2539 aliqua
1395 2468 1538 2524 deducere

491 2556 561 2609 “in
585 2554 733 2626 publicam
757 2554 918 2609 notionem:
951 2571 1064 2624 nempe,
1086 2552 1150 2623 ejus
1179 2552 1343 2623 improvido
1367 2553 1490 2609 consilio
1511 2561 1539 2608 et

491 2641 510 2665 ‘⁴
531 2656 672 2694 succursu
690 2637 722 2691 in
740 2637 846 2691 minori
865 2643 951 2691 oetate
968 2637 1128 2701 constituti,
1144 2641 1188 2690 tot
1209 2636 1377 2691 donationes
1391 2636 1539 2709 prodigos,

492 2726 510 2749 ‘⁴
530 2739 564 2777 eo
576 2718 765 2776 alienationes
784 2721 955 2793 prohibitas,
970 2739 1003 2775 ac
1016 2722 1127 2791 gratias
1140 2720 1263 2775 fecimus
1276 2720 1451 2786 excessisse,
1466 2720 1541 2792 quod

491 2807 511 2832 “
530 2822 582 2876 per
600 2822 649 2859 eas
670 2805 805 2859 aeramum
824 2812 957 2861 nostrum
976 2805 1106 2860 totaliter
1126 2812 1171 2859 est
1190 2804 1373 2869 exhaustum,
1387 2812 1418 2861 et
1429 2806 1540 2862 fiscales

491 2893 511 2917 “
529 2889 662 2945 redditus
682 2896 751 2944 sunt
767 2890 924 2945 enormiter
943 2889 1098 2953 diminuti3
1118 2887 1257 2959 ¹ipsaque
1275 2905 1433 2944 munerum
1445 2908 1541 2962 accep·

451 3011 459 3025 1
491 2978 510 3002 ‘⁴
529 2974 608 3030 tione
627 2979 806 3045 corruptum,
826 2991 948 3043 magnas
967 2973 1157 3043 pecuniarum
1176 2990 1305 3027 summas
1326 2973 1411 3028 nobis
1431 2973 1540 3030 debitas

492 3063 511 3087 ‘⁴
531 3054 716 3131 quibusdam,
737 3059 800 3114 sine
826 3058 995 3113 rationabili
1020 3073 1116 3121 causa,
1137 3074 1205 3110 cum
1229 3056 1260 3110 id
1285 3056 1367 3111 nulla
1383 3058 1540 3114 necessitas

492 3149 511 3171 ‘⁶
530 3145 579 3200 vel
603 3142 716 3198 utilitas
740 3143 921 3214 exposcebat,
944 3142 1138 3212 comperimus
1162 3141 1321 3206 remisisse,
1346 3147 1378 3197 ct
1400 3142 1540 3215 plurimos

493 3232 512 3255 “
532 3235 689 3300 proventus
708 3233 739 3282 et
755 3227 897 3289 redditus,
919 3227 970 3296 qui
994 3243 1046 3297 pro
1069 3226 1177 3280 nostris
1198 3226 1377 3281 utilitatibus
1396 3234 1427 3282 et
1445 3245 1541 3283 neces·

494 3313 669 3369 “sitatibus
705 3311 872 3367 conservari
911 3310 1080 3373 debuerant,
1118 3310 1180 3364 suis
1224 3328 1402 3381 suorumque
1440 3311 1540 3368 usibus

493 3402 512 3425 ‘⁴
532 3397 703 3468 applicasse,
735 3400 765 3449 et
794 3395 861 3449 aliis
891 3395 1022 3464 personis
1052 3393 1128 3447 male
1151 3394 1265 3448 meritis
1289 3411 1436 3465 erogasse.
1486 3395 1539 3465 Qui

495 3485 512 3507 “
534 3482 630 3544 etiam,
652 3480 757 3534 nedum
785 3497 949 3541 munerum,
978 3478 1028 3531 scd
1047 3478 1136 3532 etiam
1154 3496 1353 3548 personarum,
1380 3478 1538 3552 ”accepton

495 3570 513 3590 ·‘
534 3573 634 3618 contra
658 3571 757 3617 votum
782 3570 912 3616 nostrum
938 3568 968 3615 et
991 3564 1154 3632 praestitum
1178 3563 1261 3616 uobis
1286 3563 1436 3619 fidelitatis
1464 3566 1540 3636 jura-

495 3652 514 3674 ‘⁴
533 3656 664 3701 mentum
690 3648 817 3710 solitum,
846 3647 883 3700 ad
908 3646 1002 3699 officia
1026 3647 1143 3716 publica
1162 3648 1192 3700 iu
1210 3648 1296 3700 terris
1314 3655 1422 3702 nostrae
1442 3650 1540 3704 ditioni

495 3738 514 3760 “
534 3734 683 3803 sulijectis,
715 3734 813 3803 dignis
844 3739 874 3786 ct
903 3733 1090 3787 benemeritis
1127 3734 1295 3804 postpositis
1330 3741 1359 3788 et
1388 3734 1538 3807 ³repulsis,

496 3821 514 3844 “
534 3817 668 3886 indignos
694 3818 828 3881 admisit3
860 3817 1011 3886 multaque
1043 3817 1100 3870 alia
1130 3819 1226 3871 animo
1248 3819 1411 3873 ⁴infrcuato
1435 3827 1540 3875 temera

496 3910 514 3933 “
535 3911 676 3960 attentare
704 3905 899 3975 praesumpsit,
920 3906 951 3958 in
977 3911 1069 3958 status
1097 3908 1188 3959 nostri
1208 3906 1415 3961 detrimentum
1434 3915 1465 3963 et
1482 3908 1541 3979 dig·

496 3995 515 4019 “
534 3990 635 4045 nitatis
663 3990 753 4058 regim
780 3989 937 4051 laesionem,
968 4007 1001 4042 ac
1028 3990 1128 4060 populi
1155 3991 1238 4044 nobis
1266 3991 1377 4045 subditi
1407 3992 1540 4048 danum

496 4079 514 4104 “
534 4094 591 4130 non
616 4073 762 4128 modicum
788 4081 817 4127 ot
842 4092 1009 4143 gravamen,
1036 4081 1178 4144 potestate
1204 4073 1311 4129 tradita
1336 4083 1366 4130 et
1391 4078 1541 4131 commisso

495 4164 514 4188 “
534 4160 591 4216 sibi
605 4159 696 4213 officio
709 4159 852 4212 abutendo
864 4181 870 4222 ;
890 4158 961 4227 ⁵qui
975 4159 999 4212 si
1013 4159 1043 4212 in
1056 4159 1131 4213 elato
1143 4159 1344 4224 obstinatione,
1359 4166 1390 4215 et
1401 4162 1542 4217 obstinata

495 4249 514 4273 “
533 4243 691 4300 rebellione
704 4249 733 4296 et
747 4242 921 4306 continuata,
942 4243 1113 4312 perstiterit,
1128 4242 1265 4312 congruis
1285 4244 1348 4298 loco
1367 4252 1397 4299 et
1415 4252 1540 4318 tempore

495 4328 710 4386 “intendimus
738 4326 867 4397 apertius
885 4326 1042 4382 declarare.
1092 4327 1193 4391 Vobis,
1214 4327 1336 4384 firmiter
1354 4329 1538 4402 injungendo,

498 4531 768 4538 ——----—-—«—-—-
880 4532 970 4537 -.-.,«
985 4534 990 4538 .
1001 4534 1006 4538 .
1018 4532 1536 4543 -..η-...ς-ῠῳ-ΜΜ--η-ῳ-

532 4664 537 4692 ¹
552 4664 681 4726 ipsumque,
693 4664 764 4712 llarl.
784 4669 839 4711 655.
1041 4667 1168 4731 ingburgh
1181 4670 1230 4717 and
1244 4670 1285 4718 the
1306 4670 1407 4732 printed
1428 4680 1495 4722 texts
1515 4670 1543 4720 of

530 4741 684 4790 ²Ameuded
704 4744 769 4791 from
785 4743 899 4805 Rymer;
918 4743 996 4790 Hem·
1042 4747 1218 4810 Walsingham
1246 4753 1305 4799 read
1327 4749 1436 4815 repulsos
1456 4760 1485 4810 et,
1504 4765 1538 4800 er·

499 4820 633 4882 ingburgh,
652 4821 707 4869 MS.
727 4822 797 4870 llari.
812 4827 868 4875 655.
886 4824 935 4870 aud
954 4822 996 4870 the
1042 4827 1195 4890 ronoously;
1214 4827 1269 4876 MS.
1281 4828 1353 4879 llari.
1367 4834 1415 4880 655
1427 4832 1538 4880 hasbeen

499 4899 598 4961 printed
618 4906 683 4947 texts
699 4902 729 4948 of
742 4900 926 4963 Walsingham‚
938 4903 997 4949 read
1042 4905 1136 4953 altered
1148 4905 1174 4952 in
1186 4921 1201 4955 a
1212 4905 1275 4955 later
1285 4907 1361 4957 band.

499 4983 641 5039 acceptores.
1078 4986 1086 5011 ⁴
1100 4985 1220 5045 infirmita,
1232 4985 1304 5034 Harl.
1318 4992 1375 5036 655.

533 5059 542 5084 ³
554 5055 685 5107 Amended
702 5058 767 5107 tiam
786 5059 898 5121 Rymer;
922 5059 999 5108 llem-
1077 5062 1167 5124 aquod,
1180 5062 1250 5112 Harl.
1264 5068 1319 5117 655.
