3750 6250
686 1108 1074 1159 arsroansusmcsns.
1342 1096 1407 1160 429

199 1290 253 1341 MS.
265 1290 334 1341 Bibl·
363 1290 516 1357 Hibernia,
529 1299 599 1348 tunc
611 1300 771 1358 vacantem,
785 1296 954 1351 transferre.
980 1294 1063 1364 Quod
1081 1294 1202 1351 audiens
1215 1313 1304 1367 supra
1315 1296 1407 1351 nomi·
1421 1302 1488 1353 A.D.
1504 1309 1575 1356 1380.

199 1358 303 1473 &3⁸1³
362 1382 448 1431 natus
474 1377 635 1442 falsidicus,
663 1378 808 1449 Magister
832 1380 981 1435 Johannes
1007 1379 1173 1450 Schipdam,
1199 1380 1354 1435 confestim
1377 1381 1408 1435 in

221 1440 278 1474 '¹¹'
363 1461 499 1523 crastino,
519 1478 585 1516 cum
604 1469 805 1534 procuratores
830 1463 916 1518 electi
934 1463 971 1518 de
989 1464 1071 1534 Bury
1088 1464 1120 1518 in
1138 1463 1317 1519 Consistorio
1337 1463 1408 1519 affu-

362 1544 455 1599 issent
472 1563 569 1601 coram
587 1547 676 1617 Papa,
696 1553 727 1601 et
744 1548 886 1619 petissent
901 1548 1148 1602 confirmationem
1163 1548 1249 1602 electi
1264 1547 1407 1620 praedicti,
1422 1543 1577 1593 Fraudulent

362 1628 457 1683 adfuit
474 1629 546 1700 ipse,
566 1630 696 1701 allegans
714 1632 768 1686 hoc
786 1649 969 1702 nequaquam
988 1632 1092 1686 debere
1110 1631 1183 1696 fieri,
1200 1633 1325 1686 maxime
1341 1632 1411 1702 quia
1422 1610 1570 1741 ffiffisseflssipus

362 1715 457 1772 dictus
481 1718 652 1773 Edmundus
672 1719 736 1789 jam
759 1726 893 1791 receptus
921 1726 1000 1775 esset
1023 1721 1054 1775 in
1078 1720 1204 1790 gratiam
1229 1721 1351 1790 regiam,
1379 1725 1410 1774 et
1421 1743 1580 1792 anfeldevs

361 1801 423 1856 suis
452 1802 691 1873 temporabilibus
718 1804 882 1859 investitus.
925 1803 1009 1871 Quod
1034 1810 1068 1859 ut
1097 1805 1233 1875 probaret
1261 1805 1305 1858 ita
1333 1822 1406 1869 esse,
1421 1817 1546 1874 egenum

360 1885 520 1940 introduxit
554 1886 699 1957 quendam
734 1888 907 1942 monachum
938 1888 1171 1952 cisterciensem,
1204 1893 1234 1942 et
1264 1887 1408 1957 quendam
1422 1876 1569 1926 lh⁰R⁰¹¹¹²¹¹

359 1969 571 2040 presbyterum,
598 1971 649 2041 qui
679 1971 767 2041 paulo
796 1978 863 2026 ante
893 1971 929 2026 de
959 1971 1070 2043 Anglia
1092 1978 1248 2037 venerant;
1283 1989 1355 2042 quos
1379 1977 1410 2026 et
1423 1942 1508 1993 cm

359 2052 496 2108 conduxit
513 2059 547 2108 ut
560 2052 696 2124 jurarent
713 2072 811 2109 coram
829 2056 918 2127 Papa,
939 2073 971 2110 se
988 2073 1042 2126 pro
1059 2061 1139 2110 certo
1158 2056 1233 2111 scire
1252 2054 1410 2109 Dominum

358 2135 545 2190 Edmundum
561 2137 721 2193 admissum
739 2139 771 2192 in
787 2138 879 2209 Regis
898 2141 1041 2210 gratiam3
1062 2145 1092 2194 et
1109 2139 1276 2194 nouaclum
1294 2139 1326 2192 in
1344 2156 1410 2208 gra·

360 2221 440 2283 tiam,
460 2219 512 2273 sed
530 2226 560 2274 et
575 2220 718 2276 ¹accitum
736 2221 774 2275 ad
790 2222 854 2293 ejus
869 2223 1013 2277 familiare
1032 2223 1195 2288 consilium,
1210 2228 1240 2277 et
1258 2224 1319 2277 suis
1338 2228 1410 2278 tem·

358 2304 507 2375 paratibus
543 2305 723 2360 investitum.
771 2305 815 2360 Ac
851 2312 885 2361 ut
920 2307 1062 2378 majorem
1097 2307 1184 2361 fidem
1214 2308 1344 2362 facerent
1379 2308 1410 2360 in

358 2389 528 2458 praemissis,
550 2388 726 2459 juraverunt
743 2407 775 2443 se
793 2389 886 2444 oculis
912 2390 974 2445 suia
997 2389 1108 2445 vidisse
1127 2408 1203 2453 eum,
1224 2396 1290 2445 ante
1309 2408 1410 2445 eorum

359 2488 511 2541 egressum
524 2472 559 2526 de
571 2472 690 2544 Anglia,
705 2472 862 2527 Londoniis
881 2473 1018 2528 nobiliter
1033 2474 1225 2539 incedentem,
1245 2480 1279 2529 ut
1296 2482 1411 2529 tantum

359 2555 502 2610 Abbatem
528 2556 635 2619 decuit,
664 2558 804 2627 stipatum
828 2575 936 2627 magna
961 2563 1088 2623 caterva,
1119 2558 1318 2628 praeeuntibus
1344 2576 1411 2612 eum

359 2640 405 2693 bis
433 2641 510 2695 senis
538 2641 693 2710 armigeris
721 2641 752 2695 in
777 2659 836 2695 una
861 2648 949 2696 secta.
988 2641 1059 2710 Quas
1085 2643 1183 2696 omnia
1208 2648 1410 2713 procuratores

360 2723 445 2778 electi
463 2730 628 2778 constanter
645 2723 826 2787 refellebant,
843 2731 1005 2779 asserentes
1020 2726 1075 2780 hoc
1091 2726 1257 2781 nullatenus
1275 2727 1318 2782 ita
1335 2744 1409 2781 esse.

395 2806 576 2879 Quapropter
594 2808 736 2863 Dominus
750 2807 831 2879 Papa
854 2809 971 2863 distulit
988 2810 1019 2863 in
1032 2827 1120 2864 causa
1132 2811 1299 2881 procedere,
1319 2810 1410 2866 donec
1422 2818 1533 2867 Further

360 2890 418 2944 alia
437 2892 562 2946 certiora
585 2910 661 2947 nova
679 2892 714 2945 de
734 2892 792 2946 ista
817 2893 941 2946 materia
967 2891 1174 2964 ²percepisset.
1212 2894 1252 2949 Et
1278 2895 1350 2958 haec,
1377 2885 1549 2962 ut013<l¹¹i¹lel

360 2974 430 3037 dixi,
450 2976 508 3031 fuit
525 2994 614 3031 causa
637 2993 727 3046 quare
751 2976 847 3032 dictus
875 2976 1039 3032 cardinalis
1063 2979 1203 3047 praefatus
1222 2979 1301 3034 dieto
1324 2952 1533 3067 modoffiffiil

361 3059 488 3131 scripsit.
1527 3056 1533 3067 '

404 3337 650 3426 ³Rcsmiptcm
670 3337 927 3425 Arcbiepiseopi
951 3336 1229 3424 certificatoeiurn
1251 3339 1364 3425 Pcpce.

394 3504 640 3576 Archiepiscopus
665 3521 736 3575 ergo
754 3502 974 3559 Oantuariensis
998 3503 1133 3574 inprimis
1157 3503 1316 3558 maturavit
1340 3503 1531 3562 scri-Answer
1582 3501 1590 3521 '

360 3587 429 3641 bere
450 3588 574 3642 Domino
599 3589 696 3659 Papae,
723 3594 753 3642 et
777 3587 901 3642 eundern
925 3587 1086 3641 certificare
1109 3603 1196 3657 super
1219 3587 1278 3641 hiis
1303 3587 1409 3657 quibus
1422 3579 1577 3644 sentbythe

361 3672 456 3726 luerat
485 3679 630 3727 oneratus.
681 3671 737 3740 Qui
766 3678 833 3742 post
862 3671 1014 3742 praemissa
1042 3670 1133 3724 verba
1162 3670 1350 3741 subjectionis
1380 3677 1410 3727 et
1421 3645 1507 3761 iffi
1522 3713 1553 3761 of

360 3757 531 3810 reverentiae
565 3757 679 3820 debitae,
711 3756 808 3810 innuit
836 3772 877 3818 se,
909 3755 946 3808 ob
976 3754 1176 3825 Apostolicam
1205 3756 1407 3820 reverentiam,
1422 3777 1577 3844 emerbury

360 3840 502 3895 institisse
520 3858 608 3911 penes
627 3840 740 3910 Regem
758 3847 788 3894 et
805 3857 940 3909 proceres
958 3855 1011 3909 pro
1027 3838 1174 3893 Edmundi
1190 3839 1323 3910 praedicti
1338 3839 1409 3894 deli·
1421 3844 1447 3893 in
1459 3845 1522 3894 refe-

360 3923 518 3988 beratione,
544 3930 574 3979 et
591 3932 626 3979 ut
646 3923 832 3978 Edmundum
856 3924 1020 3987 ecclesiam,
1040 3922 1143 3994 Papali
1163 3923 1218 3977 sibi
1244 3924 1408 3995 provisione
1421 3925 1494 3960 ΝΜ

362 4009 505 4072 collatam,
525 4009 644 4080 pacifice
662 4008 779 4080 ingredi
797 4013 976 4079 paterentur.
1017 4006 1075 4062 Sed
1097 4013 1165 4078 post
1182 4025 1276 4079 pauca
1293 4009 1324 4061 in
1344 4025 1409 4078 pro·
1420 3977 1525 4029 ‘hm‘

361 4111 466 4163 gressu
490 4100 639 4149 asseverat
662 4111 716 4165 pro
740 4093 832 4156 firmo,
862 4109 894 4147 se
919 4110 955 4146 ex
981 4108 1120 4162 responso
1146 4092 1241 4162 regali
1266 4109 1300 4145 ac
1324 4091 1409 4161 regni

361 4195 515 4247 procerum
532 4177 721 4240 intellexisse,
748 4193 897 4246 nunquam
922 4193 973 4230 eos
996 4193 1134 4246 passuros
1159 4175 1326 4246 ingressum
1351 4173 1408 4228 Ed·

361 4260 462 4315 mundi
480 4262 512 4315 in
529 4260 706 4315 Abbathiam
724 4259 760 4313 de
779 4260 890 4330 Burgo,
910 4258 962 4314 sed
986 4276 1039 4314 nec
1057 4275 1211 4330 egressum
1229 4259 1293 4329 ejus
1312 4276 1329 4312 a
1347 4276 1408 4313 ear·

361 4362 437 4410 eerc,
456 4345 562 4400 timore
582 4345 630 4400 vel
648 4346 815 4400 interventu
839 4343 966 4413 alicujus
990 4359 1132 4414 personae,
1152 4341 1209 4396 nisi
1228 4341 1409 4396 solummodo

361 4430 512 4500 contingat
529 4447 578 4485 eos
599 4429 677 4484 flecti
700 4446 753 4500 per
776 4428 870 4499 ipsius
894 4427 1013 4482 Domini
1037 4426 1124 4497 Papae
1148 4443 1249 4497 preces
1269 4425 1409 4481 sollicitas

361 4519 393 4569 et
409 4514 560 4569 instantes.
597 4513 732 4585 Explicat
745 4519 895 4584 praterea,
916 4529 983 4566 eum
996 4511 1047 4580 jus
1063 4510 1180 4580 regium
1196 4516 1226 4564 et
1241 4511 1326 4581 regni
1344 4529 1409 4565 con·

362 4598 530 4654 suetudines
543 4596 652 4653 talibus
664 4598 700 4653 ab
712 4597 797 4652 initio
814 4595 1015 4669 provisoribus
1034 4594 1266 4660 contravenisse3
1286 4601 1316 4650 et
1333 4595 1410 4650 inter

362 4689 468 4739 catera
486 4683 659 4755 deprecatur
681 4688 725 4747 ut,
744 4680 884 4752 temporis
908 4678 1062 4751 praesentis
1081 4678 1265 4735 considerata
1285 4679 1407 4744 malitia,

398 4953 404 4984 ¹
416 4961 547 5005 attractum
557 4953 585 5003 in
596 4955 640 5005 the
651 4953 750 5020 printed
758 4959 833 5003 texts.
940 4951 950 4981 ¹
964 4947 1101 5015 Rescriptio
1112 4947 1138 4998 in
1151 4949 1213 5016 orig.

396 5035 407 5064 ²
417 5035 519 5100 cepisset
529 5032 557 5083 in
568 5034 612 5084 the
622 5033 721 5098 printed
732 5040 806 5083 texts
