3750 6250
674 1111 838 1161 maroam
860 1112 1070 1162 anemonas.
1323 1102 1387 1164 329

496 1581 552 1647 Da
574 1581 738 1648 Taurois
761 1580 871 1647 Rsc1s
894 1581 1047 1649 R1csan1
1070 1582 1235 1650 Saeuum.

200 1781 227 1831 S.
239 1778 310 1829 Bibl.
379 1772 464 1826 Anno
482 1770 641 1826 Dominicae
657 1771 868 1827 Incaruationie
884 1770 1040 1827 millesimo
1057 1772 1260 1828 trecentesimo
1278 1780 1391 1844 septua-
1405 1778 1474 1830 Ab.
1490 1774 1561 1830 nn.

199 1862 233 1924 ἐς·
245 1850 277 1895 ¹³
345 1856 458 1927 gesimo
476 1856 609 1927 septimo,
629 1856 745 1927 cognito
765 1856 843 1926 quod
860 1856 986 1911 illustris
1007 1856 1070 1910 Rex
1087 1856 1204 1927 Angliae
1220 1856 1391 1921 edwardus,
1404 1868 1559 1933 Depuution

210 1927 249 1963 ¹2
345 1941 462 1995 venia
486 1957 505 1994 a
529 1939 715 2010 conquaestu,
747 1940 779 1994 in
807 1938 921 2009 vigilia
952 1937 1052 1994 sance
1081 1939 1197 2005 maan,
1228 1940 1392 2011 ungrorum
1405 1936 1548 1986 ofeiuzens

344 2022 580 2093 Protomartyris,
611 2023 750 2078 videlicet
777 2022 917 2077 vicesimo
954 2023 1050 2094 primo
1080 2023 1128 2078 die
1157 2025 1266 2079 mensis
1298 2002 1548 2089 Junii,⁰s1¹⁰.¹¹‘l⁰¹¹

342 2107 421 2162 diem
438 2125 524 2162 suum
542 2106 648 2162 clausit
662 2112 832 2170 extremum,
847 2105 1062 2161 Londonienses
1080 2108 1224 2163 miserunt
1241 2108 1277 2162 de
1294 2108 1392 2163 valan-
1405 2070 1534 2185 gomi?

340 2191 463 2246 tioribus
493 2189 606 2246 civibus
636 2191 673 2245 ad
703 2189 920 2260 ¹Kyngestcne,
954 2191 1004 2245 ubi
1024 2195 1094 2245 tunc
1117 2191 1304 2247 morabantur
1331 2198 1392 2247 tam

338 2274 496 2347 'Princeps
518 2292 606 2346 quam
625 2280 718 2330 mater
738 2274 802 2345 ejus
824 2274 1020 2346 Principissu;
1041 2280 1075 2329 ιιι
1095 2275 1244 2330 civitatem
1264 2283 1295 2332 ει
1312 2277 1391 2333 cives

338 2359 553 2415 Loudonienses
569 2357 837 2413 recommendarent
850 2357 970 2413 eisdem.
1004 2358 1024 2413 J
1024 2358 1150 2413 ohannes
1166 2377 1236 2414 vero
1251 2359 1389 2431 Philipot,

339 2443 548 2498 londoniensis
574 2442 658 2507 civis,
689 2442 820 2497 facturus
838 2442 927 2496 verba
951 2459 1005 2513 pro
1031 2442 1207 2508 concivibus,
1232 2445 1391 2501 orationem

338 2526 540 2597 hujuscemodi
559 2526 708 2581 inchoavit
721 2549 766 2580 :-

376 2614 395 2638 ⁴⁴
414 2610 499 2665 Nova
516 2609 674 2673 afferimus,
694 2608 937 2665 excellentissime
956 2609 1090 2674 Domine,
1111 2629 1176 2683 quse
1200 2613 1262 2667 sina
1286 2631 1391 2685 magno
1406 2596 1502 2662 simil
1513 2601 1544 2679 ⁰‚f

340 2696 359 2721 ‘⁶
378 2711 502 2748 moerore
520 2694 630 2747 referre
648 2710 705 2747 non
723 2710 887 2763 possumus,
907 2694 944 2748 de
962 2701 1056 2750 morte
1074 2695 1273 2753 indubitanter
1296 2698 1390 2752 immi·
1404 2664 1475 2781 lthlI
1486 2667 1547 2717 Μ’

340 2782 359 2804 “
378 2783 464 2832 nente
483 2777 670 2832 invictissimi
687 2778 780 2831 nostri
798 2775 889 2847 Regis
908 2776 1065 2843 Edwardi3
1086 2779 1137 2850 qui
1149 2798 1201 2836 nos
1215 2785 1245 2835 et
1267 2799 1392 2852 regnum
1425 2748 1476 2796 Μ’

340 2867 359 2888 “
378 2862 467 2925 istud,
493 2867 527 2916 ut
553 2862 595 2915 ita
620 2860 725 2924 dicam,
753 2877 806 2932 per
834 2861 941 2915 saecula
967 2861 1061 2916 multa
1085 2863 1116 2916 in
1136 2865 1295 2935 tranquilla
1320 2884 1391 2937 pace

339 2950 358 2972 ‘⁶
378 2945 536 3001 custodivit
553 2951 584 3000 ct
600 2945 685 3008 rexit,
706 2945 821 3014 etjam,
847 2945 1010 2999 manifestis
1036 2946 1067 2999 in
1095 2963 1129 3000 eo
1156 2948 1259 3003 mortis
1285 2950 1388 3019 signis,

339 3033 358 3056 “
378 3030 485 3084 desinit
503 3045 567 3083 esse
584 3033 681 3082 rector
698 3034 805 3083 noster.
843 3026 928 3083 Unde
952 3046 1100 3098 rogamus,
1120 3038 1256 3102 exparte
1280 3033 1389 3087 civium

340 3116 359 3140 “
379 3119 409 3169 ει
432 3113 561 3168 civitatis
586 3110 805 3176 Londoniensis,
825 3117 860 3167 ut
876 3112 1008 3168 habeatis
1032 3115 1295 3171 recommendatam
1320 3134 1390 3187 erga

342 3201 508 3253 “vestram
534 3197 738 3260 reverentiam,
764 3197 913 3252 civitatem
937 3202 1074 3262 vestram,
1101 3198 1254 3254 Gameram
1278 3200 1392 3256 scilicet

341 3286 360 3309 ‘⁴
379 3288 516 3345 vestram,
548 3281 599 3351 qui
629 3281 661 3334 in
689 3280 820 3351 proximo
850 3281 932 3335 eritis
962 3287 1061 3336 noster
1090 3283 1161 3347 Rex,
1191 3300 1278 3353 quem
1297 3285 1391 3339 solum

342 3365 492 3437 “Regem
515 3365 769 3434 recognoscimus;
801 3364 885 3434 cujus
916 3366 1008 3420 solius
1038 3366 1227 3438 subjiciemur
1256 3369 1389 3440 imperio,

341 3452 360 3476 ‘⁴
380 3450 531 3504 flectemur
555 3449 686 3512 arbitrio,
721 3449 846 3519 parituri
878 3467 992 3505 summo
1019 3450 1156 3516 dominio,
1184 3453 1391 3509 famulabimur

342 3536 360 3559 ‘⁴
380 3539 440 3588 tam
458 3550 589 3604 personae
608 3549 696 3603 quam
714 3532 812 3587 verbo.
850 3533 898 3597 Et,
918 3540 953 3588 ut
970 3539 1076 3589 caetera
1094 3553 1271 3607 exequamur
1284 3546 1391 3593 nostrae

341 3620 360 3643 “
380 3616 534 3688 legationis
552 3617 667 3679 nuncia,
681 3617 796 3671 noverit
807 3623 906 3672 vestra
920 3620 1086 3674 reverentia
1103 3619 1252 3676 civitatem
1263 3629 1392 3678 vestram

341 3705 360 3728 “
380 3700 570 3756 indicibiliter
588 3699 761 3771 perturbari,
790 3718 825 3755 eo
854 3700 933 3771 quod
957 3708 1085 3758 vestram
1110 3706 1295 3775 praesentiam
1315 3709 1392 3763 elon·

341 3789 359 3811 ‘⁴
379 3785 471 3855 gostis
490 3784 526 3838 ab
545 3800 588 3846 ea,
609 3800 674 3854 quae
692 3788 806 3838 tantum
823 3784 907 3839 vobis
925 3786 1056 3841 noscitur
1074 3805 1138 3843 esse
1157 3789 1270 3855 devota,
1290 3798 1392 3847 utnon

340 3874 359 3895 “
379 3868 474 3923 solum
491 3873 593 3938 parata
611 3867 651 3921 sit
667 3867 743 3921 bona
760 3885 814 3921 sua
830 3869 1010 3939 temporalia,
1035 3871 1086 3926 sed
1106 3872 1203 3938 etiam,
1224 3875 1251 3929 si
1274 3894 1391 3931 necesse

340 3957 359 3980 “
380 3953 427 4017 sit,
458 3970 510 4024 pro
534 3951 617 4006 vobis
647 3952 814 4023 impendere
838 3952 929 4007 vitem
948 3972 1040 4009 suam.
1090 3956 1189 4026 Igitur
1210 3959 1247 4013 ad
1264 3968 1391 4015 vostram

340 4041 359 4064 ‘⁴
379 4036 564 4108 praeentiam
594 4037 780 4100 accessimus,
807 4038 952 4107 precaturi
979 4044 1012 4094 ut
1037 4040 1155 4105 ibidem,
1180 4048 1241 4098 tam
1264 4045 1301 4099 ed
1325 4063 1391 4100 con·

341 4125 360 4148 “
380 4122 551 4176 solationem
564 4120 674 4175 civium
687 4138 775 4191 quam
787 4122 878 4176 vestri
892 4124 1081 4179 securitatem
1090 4131 1120 4181 et
1127 4127 1272 4192 solatium,
1283 4130 1391 4184 morari

340 4209 359 4232 “
378 4205 486 4260 velitis.
524 4204 723 4275 Deprecamur
742 4205 871 4276 insuper,
885 4206 1027 4280 Princeps
1039 4210 1248 4275 illustrissime,
1274 4218 1308 4267 ut
1331 4213 1389 4269 dis-

340 4294 359 4315 “
379 4288 485 4344 cordiae
504 4307 569 4358 quas
587 4288 664 4343 inter
682 4289 761 4344 cives
773 4295 887 4345 nostros
905 4297 935 4346 ει
953 4291 1111 4348 Dominum
1123 4300 1263 4358 nostrum,
1278 4294 1390 4351 Ducem

341 4377 360 4399 “
380 4372 565 4436 Leucastriae,
579 4390 672 4443 nuper
685 4373 866 4443 quorundam
879 4375 1077 4432 simultatibus
1097 4385 1160 4431 orta
1172 4383 1225 4441 est,
1243 4379 1390 4435 nullorum

342 4459 361 4483 “
382 4455 500 4527 quidem
518 4456 677 4518 commodo,
692 4457 744 4511 sed
761 4457 955 4528 plurimorum
967 4460 1128 4531 dispendio,
1142 4461 1229 4515 finem
1241 4463 1389 4534 imponere

343 4545 362 4568 ‘⁴
382 4539 553 4610 dignemini,
574 4540 632 4611 ipsi
650 4540 727 4595 Duci
746 4547 776 4596 et
793 4543 901 4597 nostris
920 4543 1034 4598 civibus
1053 4545 1265 4600 fructuosum.”

374 4623 465 4679 'Haec
483 4631 514 4679 et
530 4625 588 4678 hiis
607 4625 752 4678 similibus
770 4625 807 4679 ab
825 4643 859 4679 eo
871 4629 1023 4697 peroratis,
1038 4647 1209 4700 responsum
1221 4637 1267 4687 est
1279 4633 1388 4690 aPrin-
1401 4612 1551 4732 fflffig

1243 4783 1384 4794 ,ξι-Ε

375 4858 523 4925 'Probably
531 4859 768 4925 Kmynqtonmsin
777 4876 841 4925 page
862 4863 870 4950 1
924 4861 987 4913 'Sic
1004 4863 1031 4912 in
1051 4865 1123 4930 orig,
1135 4869 1185 4916 and
1203 4869 1270 4922 Bibl.
1283 4872 1345 4936 ch.
1360 4879 1389 4923 13

342 4945 392 4989 326
408 4947 485 5029 αιιιε.Ι
540 5016 546 5029 ⁸
608 5017 614 5029 ι
865 4941 922 5061 lli.
935 4941 971 4992 ix.

375 5019 385 5049 ²
397 5016 565 5082 Principum
578 5032 654 5083 ong.;
672 5019 842 5084 erroneously.
