3750 6250
660 1107 823 1160 HISTORIA
845 1107 1051 1162 sudamine
1341 1100 1383 1165 83

203 1274 307 1413 mli
363 1296 430 1352 Hoc
442 1313 526 1362 anno,
537 1296 707 1362 Edwardns
719 1296 915 1368 RexAngliae,
931 1298 939 1331 ¹
950 1298 1020 1353 fecit
1029 1298 1187 1354 Dominum
1193 1299 1379 1368 Edwardum,
1394 1302 1463 1358 An.
1477 1312 1548 1360 1800.

203 1389 257 1468 pii
330 1380 421 1437 filium
449 1400 535 1437 suum
553 1388 584 1439 et
601 1383 755 1446 heredem,
776 1382 944 1454 Principem
962 1383 1077 1439 Walliae
1099 1391 1130 1439 et
1148 1384 1292 1440 Comitem
1310 1386 1379 1443 Oes-
1393 1383 1484 1437 Princo

329 1467 400 1521 triae.
440 1466 523 1536 Quod
540 1485 607 1523 oum
619 1467 781 1523 Wallenses
800 1468 958 1531 audissent,
981 1467 1066 1523 valde
1084 1469 1179 1538 gavisi
1198 1475 1274 1533 sunt,
1294 1488 1379 1543 repu·
1393 1451 1503 1504 ΗΜ

328 1555 421 1605 tentes
447 1569 515 1605 cnm
539 1552 705 1623 legitimum
731 1551 979 1622 dominum,q11ia
1002 1552 1033 1605 in
1056 1551 1117 1605 illis
1143 1553 1274 1622 partibus
1292 1560 1378 1611 natus
1391 1521 1464 1597 mlde

329 1634 391 1689 suit.
437 1634 476 1689 Et
492 1636 601 1689 mirum
619 1636 650 1689 in
667 1636 795 1699 modum,
815 1653 882 1689 cum
901 1641 1002 1706 expost
1020 1635 1077 1689 sibi
1096 1634 1194 1690 Scotiu
1211 1637 1375 1705 rebellaret,
1390 1585 1535 1707 lwrllecsegd

328 1726 357 1773 et
380 1724 443 1775 tota
466 1719 576 1790 Anglia
602 1720 638 1774 ab
665 1737 700 1773 co
724 1720 904 1783 descivisset,
922 1718 1084 1775 Wallenses
1112 1719 1189 1774 hunc
1213 1721 1374 1788 coluerunt,
1389 1717 1495 1771 Earlof

326 1803 498 1868 dilexerunt,
513 1810 543 1859 ct
561 1804 665 1868 eidem,
686 1810 826 1874 quantum
844 1810 986 1875 poterant,
1007 1803 1199 1867 adhaeserunt,
1214 1806 1293 1861 vices
1312 1808 1375 1878 ejus
1389 1784 1499 1839 ehem*

326 1895 384 1943 tam
402 1890 434 1943 in
451 1890 513 1945 vita
538 1907 625 1959 quam
646 1894 739 1943 morte
764 1888 903 1952 dolentes,
927 1893 957 1942 et
982 1888 1140 1943 cantilenas
1165 1906 1218 1959 pro
1236 1907 1270 1944 eo
1288 1891 1374 1962 lugu·
1387 1876 1515 1931 ΛΜΝ

325 1971 390 2028 bres
408 1972 511 2045 lingua
527 1975 623 2046 patria
638 1979 850 2043 componentes,
865 1991 938 2043 quas
950 1990 1043 2044 nsque
1061 1971 1206 2044 2praesens
1222 1975 1259 2028 ab
1274 1992 1374 2032 eorum
1387 1945 1478 2064 {effi
1490 2014 1531 2065 sm,

324 2058 463 2113 memoria
479 2076 533 2114 neo
559 2064 655 2113 metus
682 2058 898 2113 adversantium
925 2074 979 2113 neo
1005 2058 1181 2114 diutiunitas
1210 2064 1373 2132 temporum
1386 2077 1427 2127 hig

323 2141 457 2197 abolevit.
1384 2160 1505 2212 memory.

355 2226 414 2281 Per
437 2225 516 2281 idem
540 2233 664 2300 tempus,
690 2244 757 2282 cum
781 2224 952 2282 Edmundus
965 2223 1069 2282 (lomes
1095 2225 1248 2283 Gornubise
1259 2236 1371 2285 naturae
1384 2223 1484 2291 Dowry

322 2310 419 2366 debita
442 2312 639 2384 persolvisset,
665 2317 699 2366 ut
721 2317 892 2384 praetactum
911 2318 965 2375 est,
990 2313 1212 2381 procurantibus
1236 2313 1267 2368 in
1299 2313 1370 2369 Par·
1385 2295 1529 2355 &mmm

321 2395 466 2461 lismento,
486 2414 579 2467 nuper
597 2397 674 2450 iacto
686 2395 852 2459 Londoniis,
867 2395 1041 2466 quibusdam
1057 2397 1252 2466 magnatibus,
1273 2398 1369 2454 (lomi-
1381 2358 1521 2475 Qgssm'

320 2481 399 2545 tissa,
426 2479 571 2552 qnondam
602 2498 674 2536 uxor
698 2479 769 2535 dicti
794 2478 926 2545 Comitis,
953 2480 1051 2535 dotata
1073 2486 1119 2535 est
1143 2482 1368 2553 quingentarum
1381 2490 1516 2547 campell,

320 2564 459 2620 librarum
490 2565 631 2637 portione,
667 2563 791 2619 Domino
824 2563 906 2634 Rege
938 2564 1008 2619 huic
1040 2564 1214 2623 ordinationi
1238 2568 1367 2626 libentis·

320 2648 390 2703 sime
415 2656 568 2705 annuente.

352 2732 439 2788 Circa
458 2751 587 2805 praesens
602 2739 717 2805 tompus
736 2731 919 2803 divulgatum
937 2732 995 2787 suit
1014 2732 1151 2789 Romanas
1170 2733 1275 2800 Curia,
1291 2738 1368 2808 quod
1379 2721 1538 2789 Inlmfifflfl

318 2818 550 2873 enarmonium
594 2818 711 2888 Angliae
755 2817 935 2887 evagaauneae
983 2816 1127 2872 tauerner
1166 2818 1368 2879 discurrebant
1379 2792 1410 2906 {f
1424 2793 1494 2912 1333

318 2919 368 2973 per
390 2904 517 2974 patrias;
539 2921 603 2973 quae
627 2902 754 2973 vagatio,
781 2902 837 2957 etsi
863 2901 997 2956 omnibus
1021 2902 1169 2972 religiosis
1194 2912 1272 2959 esset
1301 2925 1366 2962 con·
1379 2874 1465 2976 molle
1482 2877 1536 2978 {iffi

317 2990 413 3052 traria,
439 2988 579 3043 nimirum
608 2987 780 3041 mulieribus
819 2992 897 3040 essct
926 2985 1062 3050 tollenda,
1102 2990 1266 3058 praesertim
1299 3009 1365 3046 cum
1378 2992 1515 3055 ciplineof

316 3087 398 3128 omne
423 3073 500 3145 qnod
531 3074 562 3128 in
594 3072 701 3128 mundo
734 3077 788 3135 cst,
815 3077 865 3126 eut
888 3077 934 3126 cst
958 3071 1191 3141 concupiscentia
1214 3074 1364 3132 oculorum
1376 3059 1534 3127 lhessnssllssh

316 3165 365 3213 aut
387 3158 622 3230 concupiscentia
645 3157 750 3221 carnis,
786 3163 837 3211 aut
866 3155 1003 3227 superbia
1025 3155 1103 3210 vitae.
1142 3157 1268 3228 Cupiens
1293 3177 1364 3231 ergo
1376 3142 1448 3180 nm

315 3243 451 3298 Summus
470 3243 604 3298 Pontifex
632 3249 738 3297 sanctae
756 3240 909 3312 providere
940 3241 1161 3305 conversationi,
1187 3241 1296 3298 talibus
1321 3245 1363 3299 in·

313 3329 451 3384 ordinatis
475 3328 656 3382 discursibus
680 3327 767 3380 finem
791 3326 940 3397 imposuit,
962 3325 1095 3395 quamvis
1120 3325 1239 3381 decreta
1263 3327 1363 3384 Ponti·

314 3413 398 3468 ficum
421 3413 505 3468 velut
530 3412 716 3467 fundamenta
739 3411 882 3465 montium
901 3408 1079 3464 inconvulsis
1098 3409 1288 3479 ligaminibus
1307 3414 1364 3469 fixa

313 3498 378 3562 sint,
404 3506 435 3554 et
470 3498 563 3554 dictas
606 3495 838 3553 sanctimoniales
874 3495 1014 3550 hactenus
1056 3495 1238 3551 necessitatis
1275 3514 1364 3554 causa

312 3588 392 3638 extra
409 3583 498 3638 cellas
517 3601 584 3637 suas
603 3583 682 3636 exire
699 3580 894 3653 permiserint,
921 3597 988 3633 cum
1012 3579 1184 3651 plerumque
1208 3584 1362 3653 tempesta-

311 3667 388 3722 tibus
420 3674 451 3723 et
481 3667 647 3723 turbinibus
680 3664 864 3720 saecularium
888 3680 988 3717 rerum
1017 3663 1124 3733 religio
1156 3663 1269 3719 Sanctae
1305 3665 1361 3722 Dei

312 3751 450 3808 Ecclesiae
481 3751 604 3807 maculis
636 3749 825 3822 reproborum
866 3749 1035 3819 dissipatur.
1080 3747 1193 3803 Idcirco
1228 3750 1360 3819 profutu-

311 3854 374 3892 rum
398 3835 619 3892 succedentibus
644 3833 767 3907 posteris
792 3850 855 3887 esso
879 3832 1018 3896 decrevit,
1043 3836 1078 3887 nt
1100 3848 1135 3885 ea
1159 3850 1224 3901 quar
1249 3834 1359 3890 salubri

310 3921 430 3976 consilio
453 3920 623 3975 ordinantur
646 3927 676 3975 et
705 3918 851 3974 communi
875 3934 994 3973 assensu
1019 3915 1142 3971 frenum
1166 3916 1356 3984 diffiniuntur,

311 4006 460 4061 firmentur
491 4023 609 4059 suarum
633 4004 736 4059 robore
773 4003 946 4057 litterarum.
998 3999 1189 4072 Quapropter,
1217 4001 1356 4057 Summus

310 4089 451 4153 Pontifex,
483 4089 651 4144 Bonifacius
681 4087 818 4150 Octavus,
851 4086 969 4156 scripsit
992 4083 1218 4157 Archiepiscopo
1232 4085 1355 4141 Cantua

308 4175 394 4229 riensi
432 4173 569 4237 lieberto,
607 4179 637 4227 ct
672 4172 737 4226 aliis
780 4171 958 4242 coepiscopis
995 4174 1024 4223 ct
1063 4169 1262 4239 suffraganeis,
1298 4169 1356 4224 dis-

309 4260 391 4314 tricte
419 4257 609 4330 ’praecipiens
641 4257 671 4310 iu
702 4256 811 4310 virtute
842 4260 949 4310 saneta
980 4253 1161 4317 obedientia,
1196 4259 1226 4308 et
1258 4253 1354 4323 injun-

308 4362 387 4414 gens,
413 4349 448 4398 ut
480 4359 579 4397 omnes
610 4339 842 4396 sanctimoniales
873 4339 953 4394 ⁴suis
978 4337 1162 4392 Dioecesibus
1186 4337 1353 4392 habitantes

308 4428 414 4483 includi
440 4428 576 4492 facerent,
601 4433 635 4480 ut
659 4444 715 4480 non
745 4426 780 4478 de
812 4430 916 4479 caetero
946 4423 1034 4478 liceat
1057 4423 1099 4476 eis
1124 4421 1159 4475 de
1184 4420 1265 4474 cellis
1290 4422 1352 4476 suis

307 4513 460 4586 progredi3
490 4513 559 4586 quia
590 4529 647 4566 non
671 4509 786 4583 expedit
809 4509 960 4565 animabus
991 4523 1101 4562 eorum.
1151 4504 1240 4560 Dedit
1263 4506 1351 4562 etiam

337 4840 425 4889 'This
443 4835 681 4888 fartismentioned
697 4835 749 4885 also
765 4836 799 4898 by
882 4833 934 4880 2ιἰι
943 4846 1050 4896 presens
1061 4827 1088 4878 in
1100 4828 1143 4878 the
1154 4826 1253 4893 printed
1264 4835 1336 4882 texts.

305 4919 422 4969 mahen
434 4918 465 4968 oi
484 4917 672 4973 westminster,
697 4929 724 4964 as
740 4915 799 4974 also,
884 4912 1028 4976 ’recipiens
1038 4909 1064 4959 in
1077 4910 1119 4959 the
1130 4909 1229 4973 printed
1240 4916 1313 4960 texts.

306 4999 345 5048 the
358 4999 403 5064 joy
414 4998 460 5046 felt
476 4998 510 5060 by
521 4995 564 5044 the
580 4993 668 5045 Welsh
686 4993 799 5053 iterent,
886 4993 936 5039 'in
946 4992 999 5040 sub
1008 4991 1036 5040 in
1046 4991 1089 5042 the
1098 4991 1196 5055 printed
1206 4997 1280 5042 texts.

306 5079 348 5128 but
358 5079 384 5128 in
396 5076 485 5142 mally
496 5075 611 5127 different
621 5076 753 5140 languore.

1154 5161 1175 5206 F
1191 5150 1210 5206 2
