3750 6250
752 1111 917 1165 maroam
938 1111 1145 1168 sinuessa
1415 1104 1479 1168 415

292 1308 398 1361 anibi,
467 1290 543 1347 (lum
560 1308 632 1362 ergo
650 1291 774 1347 Romam
798 1293 936 1358 venisset,
958 1299 988 1349 et
1004 1293 1114 1349 ibidem
1132 1293 1250 1366 longam
1274 1312 1386 1351 moram
1403 1299 1647 1356 trax-AD.1379.

292 1394 324 1441 ar.
340 1383 369 1426 13
431 1378 513 1441 isset,
543 1394 598 1432 nec
627 1383 779 1433 assecutus
809 1378 846 1432 ab
870 1377 1039 1450 Apostolico
1064 1379 1158 1433 ullum
1176 1380 1281 1435 fuisset
1298 1380 1479 1446 beneficium,
1495 1396 1549 1446 The
1558 1412 1654 1463 ageney

305 1445 343 1496 l¹‘
432 1461 548 1517 tandem
567 1461 681 1517 audivit
692 1461 851 1516 Dominum
864 1462 1026 1517 Johannem
1039 1464 1166 1529 Brincle,
1182 1464 1327 1534 quondam
1338 1464 1482 1520 Abbatem
1494 1464 1616 1543 through·

433 1564 528 1610 suum,
566 1545 644 1599 diem
674 1546 816 1602 clausisse
852 1565 1032 1618 supremum,
1064 1554 1094 1603 et
1128 1555 1235 1621 putans
1267 1550 1331 1619 jam
1365 1555 1481 1622 tempus
1493 1531 1578 1646 ἔω
1590 1532 1630 1581 ¹¹¹⁸

432 1637 626 1703 opportunum
645 1632 781 1685 arrisisse
800 1632 866 1696 sibi,
887 1631 942 1686 ¹ad
965 1632 1181 1703 procurandum
1199 1640 1230 1689 et
1246 1634 1482 1705 consequendum
1495 1613 1641 1717 5⁸0¹&ae

432 1715 510 1787 quod
527 1716 579 1770 diu
596 1721 693 1770 mente
717 1725 898 1788 conceperat,
926 1718 1051 1772 occessit
1074 1717 1112 1771 ad
1137 1718 1281 1789 quendam
1300 1718 1480 1782 advocatum,

431 1801 483 1854 sed
500 1798 735 1864 'Flandrensem
756 1801 808 1871 qni
825 1807 923 1856 tamen
941 1802 1110 1857 morabatur
1127 1804 1158 1857 in
1177 1802 1267 1858 Curia
1279 1813 1309 1858 et
1325 1803 1483 1858 vocabatur

433 1883 605 1955 “Magister
630 1884 779 1939 Johannes
806 1884 977 1955 Shipdom,”
997 1890 1027 1941 et
1043 1887 1179 1956 promisit
1197 1888 1225 1940 ei
1249 1904 1386 1957 magnam
1405 1905 1482 1941 sum·

430 1987 509 2023 mam
538 1969 670 2039 pecuniae
701 1986 813 2033 annuae,
841 1970 867 2023 si
897 1968 928 2023 id
959 1970 1095 2035 efficeret,
1121 1976 1156 2025 ut
1184 1968 1284 2025 Abbas
1315 1970 1351 2025 de
1381 1971 1483 2041 Burgo

432 2070 549 2125 quoquo
574 2059 660 2124 pacto
685 2053 780 2106 creari
805 2058 912 2124 posset.
958 2054 999 2108 Et
1025 2055 1051 2108 si
1078 2054 1262 2124 contingeret
1286 2072 1354 2109 eum
1381 2056 1412 2109 in
1429 2055 1484 2109 hoc

431 2138 549 2208 negotio
575 2137 696 2190 minime
724 2137 869 2208 expedire,
898 2144 1071 2208 procuraret
1095 2139 1151 2193 sibi
1179 2139 1307 2210 aliquem
1328 2158 1364 2193 ex
1381 2157 1483 2195 vacan-

433 2223 511 2277 tibus
529 2221 772 2293 Episcopatibus3
793 2227 845 2276 aut
862 2223 888 2276 si
906 2223 962 2277 hoc
979 2240 1037 2277 non
1054 2228 1154 2295 posset
1171 2226 1298 2295 assequi,
1318 2225 1484 2279 Prioratum

433 2306 469 2360 de
487 2306 624 2361 Derhirst
641 2307 772 2361 obtinere
790 2307 937 2362 laboraret
954 2307 1059 2373 eidem,
1079 2308 1232 2363 habiturus
1250 2326 1304 2380 pro
1321 2309 1420 2363 labore
1432 2327 1485 2364 suo

432 2408 486 2463 pro
505 2390 636 2461 quolibet
653 2391 804 2445 annuatim
822 2409 910 2446 unam
928 2390 1101 2457 'summam
1122 2398 1153 2447 et
1175 2393 1341 2464 spopondit.
1378 2393 1484 2448 Dictus

432 2493 502 2530 vero
527 2475 675 2530 Johannes
698 2475 839 2547 quosdam
858 2494 874 2529 e
901 2476 1117 2540 cardinalibus,
1141 2477 1193 2547 qui
1211 2495 1360 2549 nunquam
1380 2496 1484 2533 aurum

431 2566 584 2632 respuunt,
607 2560 645 2615 ad
677 2566 792 2633 partem
816 2578 900 2615 suam
923 2562 1023 2626 traxit,
1049 2570 1084 2616 ut
1106 2562 1239 2633 ipsorum
1262 2562 1430 2617 interventu
1455 2570 1485 2618 et

433 2646 532 2700 favore
550 2644 697 2699 Edmundi
714 2646 847 2716 praedicti
865 2647 985 2716 negotia
1002 2646 1147 2701 efficacius
1160 2647 1318 2718 expediret.
1357 2647 1485 2703 Securus

433 2747 505 2800 ergo
540 2728 577 2783 de
613 2731 744 2801 ipsorum
780 2729 981 2784 Cardinalium
1023 2730 1178 2801 adjutorio,
1216 2732 1351 2802 proponit
1387 2750 1484 2786 coram

433 2814 559 2868 Domino
576 2813 658 2885 Papa
675 2832 793 2869 causam
810 2814 967 2878 Edmundi,
988 2832 1120 2869 asserens
1139 2832 1207 2869 eum
1231 2832 1335 2871 verum
1359 2815 1484 2871 electum

434 2898 574 2969 Oapituli,
606 2898 657 2953 ⁴ut
686 2899 816 2953 omnium
846 2899 972 2953 fratrum
1007 2900 1085 2954 votis
1116 2906 1257 2971 optatum,
1289 2901 1326 2955 ad
1352 2900 1484 2956 ecclesias

434 2982 530 3036 eidem
548 2982 774 3054 praeessendum.
819 2983 962 3037 Dominus
989 3000 1059 3039 vero
1085 2984 1174 3056 Papa,
1195 2984 1382 3039 considerans
1401 2985 1484 3039 mali·

436 3069 506 3123 tiam
530 3068 623 3140 ipsius
647 3069 797 3139 temporis,
818 3075 848 3123 et
871 3069 918 3123 sui
943 3067 1103 3123 adversarii
1128 3068 1283 3141 Antipapae
1307 3069 1484 3123 cotidianum

436 3155 657 3218 incrementum,
685 3159 715 3208 et
749 3171 868 3225 sperans
898 3153 1086 3208 Edmundum
1116 3172 1223 3224 magno
1253 3154 1398 3224 adjutorio
1429 3155 1485 3208 sibi

435 3238 603 3301 affuturum,
633 3237 659 3292 si
683 3238 783 3291 Abbas
810 3238 974 3292 efficeretur
999 3239 1118 3302 ibidem,
1151 3239 1187 3292 de
1218 3239 1298 3293 facili
1328 3238 1484 3293 inclinatus

434 3323 498 3377 ⁵est
515 3322 553 3377 ad
570 3321 798 3375 confirmandum
824 3320 1005 3392 ⁶[eundem],
1032 3323 1080 3378 vcl
1099 3323 1125 3378 si
1143 3322 1247 3376 electio
1264 3322 1321 3376 rite
1340 3321 1486 3376 celebrato

434 3425 491 3461 non
526 3407 639 3470 fuisset,
677 3406 715 3459 ad
744 3406 838 3476 gratis
868 3406 996 3460 dandum
1026 3407 1084 3478 ipsi
1121 3407 1275 3461 Edmundo
1312 3406 1483 3460 beneficium

436 3490 643 3562 supradictum.
682 3489 759 3558 Quid
783 3489 896 3544 multa?
922 3491 1119 3560 Consequitur
1141 3489 1333 3546 ⁷Edmundus
1357 3490 1432 3545 dono
1456 3497 1486 3545 et

437 3576 534 3628 sarcre
564 3575 652 3645 Papae
687 3575 893 3644 imaginarium
927 3576 1098 3645 appetitum,
1136 3581 1166 3629 ct
1198 3576 1235 3629 od
1268 3575 1484 3646 repatriandum

436 3677 502 3712 cum
521 3658 616 3713 Bullis
642 3658 704 3713 suis
723 3676 754 3712 se
772 3665 918 3729 praeparat
935 3665 997 3713 toto
1015 3659 1092 3713 nisu.

438 4000 649 4068 Edmaaclua
671 3999 900 4086 supradictus,
917 4022 996 4067 com
1011 4001 1085 4067 seis
1102 4000 1359 4082 adherentibus,
1379 4003 1485 4070 Porri

726 4103 964 4171 Londooicrisi
989 4104 1194 4171 commissus.

473 4269 591 4323 Fratres
618 4286 687 4323 vero
712 4267 748 4322 de
773 4267 865 4339 Bury,
885 4274 1092 4340 postmortem
1111 4268 1211 4323 stetim
1229 4267 1351 4322 Abbatis
1370 4269 1426 4331 sui,
1446 4270 1483 4325 ad
1496 4271 1650 4323 Themonks

437 4354 608 4409 electionem
639 4359 843 4415 convenerunt,
876 4360 906 4406 ct
935 4353 1067 4407 imunimi
1097 4370 1238 4406 consensu
1269 4352 1422 4422 elegerunt
1451 4355 1482 4407 in
1495 4338 1605 4403 ⁰fB¹¹fl

436 4439 580 4494 Abbatem
598 4436 756 4491 Dominum
776 4436 938 4490 Johenncm
958 4436 994 4491 dc
1013 4436 1191 4506 Tynnworth,
1206 4435 1309 4490 domus
1328 4454 1389 4491 suae
1409 4436 1481 4492 Sub·
1494 4405 1599 4521 ffim

1495 4539 1588 4590 Abbot.

592 4614 704 4619 ——-.-
728 4614 732 4619 .
755 4611 1458 4619 -....,...--,.,Λ,γ«-...,---”.--,---,-,..-.-.-,...

475 4743 480 4770 ¹
487 4737 605 4802 fitadio
616 4738 659 4788 the
670 4737 768 4803 printed
779 4744 853 4789 texts.
1020 4736 1100 4786 ‘etin
1113 4737 1156 4787 the
1166 4736 1266 4800 printed
1276 4743 1351 4788 texts.

473 4820 483 4848 ²
487 4817 569 4882 filiam
588 4818 614 4867 in
632 4817 697 4882 orig.
718 4820 768 4867 and
786 4818 828 4867 the
839 4816 939 4882 printed
1019 4819 1028 4846 ³
1039 4825 1073 4866 ert
1086 4817 1190 4867 omitted
1200 4817 1227 4864 in
1246 4815 1289 4866 the
1300 4816 1398 4881 printed
1409 4825 1483 4868 texts.

440 4908 526 4958 texts;
546 4897 601 4948 th
617 4898 644 4947 in
659 4898 727 4948 Bibl.
740 4898 802 4961 Reg.
817 4903 847 4946 13
859 4897 889 4947 E.
902 4897 937 4946 ix.
1018 4900 1027 4926 ⁶
1040 4897 1160 4961 Supplied
1171 4897 1237 4946 from
1248 4897 1314 4947 Bibl.
1333 4897 1396 4963 Reg.
1412 4904 1441 4947 la
1453 4899 1482 4948 E.
1502 4923 1504 4925 ·

472 4983 606 5029 'rammam
624 4997 654 5028 er
672 4980 713 5028 eis.
739 4977 830 5026 Dictus
852 4976 879 5026 in
896 4977 939 5026 the
984 4977 1032 5026 ix.:
1055 4977 1159 5026 omitted
1172 4977 1198 5025 in
1210 4976 1254 5025 the
1265 4975 1365 5042 printed
1376 4984 1451 5028 texts.

440 5059 539 5124 printed
546 5066 620 5109 texts.
690 5079 693 5084 ’
1018 5061 1026 5086 ⁷
1040 5055 1168 5106 Edmundo
1179 5056 1206 5107 ln
1218 5057 1261 5107 the
1272 5055 1371 5121 printed
1382 5065 1457 5109 texts.
