3750 6250
481 1082 502 1144 4
778 1092 959 1144 ruarmo
980 1092 1029 1143 ln
1051 1093 1240 1144 nncroamr.

482 1282 668 1370 antiquitus
696 1282 828 1369 prodita
848 1287 928 1349 sunt
958 1284 1129 1350 mendacia
1150 1284 1191 1349 de
1214 1283 1364 1371 gentium
1386 1288 1421 1349 et
1445 1282 1531 1349 viro-

483 1407 557 1451 rum
591 1385 725 1472 origine,
756 1385 863 1452 multa
897 1390 995 1452 erant
1027 1387 1173 1475 auguria,
1205 1387 1311 1453 multa
1344 1386 1530 1473 aruspicum

485 1508 648 1575 responsa,
682 1488 798 1554 multae
829 1488 1075 1570 divinationes3
1097 1490 1218 1577 quibus
1249 1495 1347 1555 tanta
1376 1490 1459 1557 fidas
1481 1493 1531 1555 est

485 1590 608 1669 habita,
632 1596 672 1656 ut
693 1589 807 1678 religio
837 1613 880 1657 ex
909 1591 977 1657 illis
1008 1593 1190 1659 constituta
1211 1592 1287 1680 plus
1308 1614 1408 1679 quam
1442 1592 1532 1659 millo

486 1693 583 1758 annis
619 1693 866 1780 perdmaverit:
896 1699 932 1759 at
964 1700 1076 1760 tamon
1113 1694 1268 1760 veniente
1302 1695 1339 1759 in
1371 1695 1532 1761 mundum

488 1795 612 1862 Christi
648 1794 838 1882 Evangelio,
878 1796 989 1861 omnia
1025 1802 1183 1884 tanquam
1228 1796 1356 1863 nebulae
1401 1797 1534 1884 penitus

487 1904 698 1965 evanuerunt.
743 1897 952 1964 Adulterinae
974 1921 1096 1965 merces
1118 1900 1225 1966 lucem
1247 1900 1331 1966 farre
1352 1921 1421 1966 non
1443 1909 1535 1988 pote·

486 2006 571 2080 rant,
609 2000 723 2066 eadem
756 2005 869 2065 tamen
901 2006 976 2087 post
1014 2001 1147 2088 aliquod
1176 2009 1307 2090 tempus
1343 2002 1379 2068 in
1417 2024 1534 2068 manus

486 2104 657 2169 hominum
687 2108 819 2189 recepta
840 2108 927 2183 sunt,
952 2125 1019 2170 non
1049 2110 1119 2170 tam
1141 2111 1180 2170 ut
1202 2106 1242 2170 iis
1265 2106 1440 2192 quisquam
1462 2105 1537 2193 oapi

486 2227 585 2292 quam
608 2210 647 2272 ut
669 2205 823 2271 delectari
845 2212 963 2293 posset.
1008 2207 1152 2272 Ridebat
1173 2208 1310 2295 quisque
1332 2208 1536 2295 superiorum

488 2314 673 2394 temporum
718 2308 892 2386 inscitiam,
935 2309 1150 2395 deprehendit
1199 2331 1348 2388 errorem,
1394 2310 1537 2398 deniquo

489 2410 643 2498 profanos
683 2410 775 2487 ritus,
809 2432 922 2490 moras,
947 2416 981 2477 et
1015 2413 1214 2479 ceremonias
1248 2414 1300 2497 (ut
1330 2432 1391 2477 nos
1423 2412 1538 2497 hodia)

489 2514 560 2579 sine
594 2512 662 2578 ullo
696 2513 903 2579 conscientiae
939 2514 1014 2580 labe
1052 2521 1112 2581 aut
1149 2515 1336 2581 discrimine
1372 2515 1537 2603 legebant

324 2621 480 2702 Heeopni·
492 2616 574 2697 Quis
595 2621 646 2681 est
668 2616 725 2701 qui
748 2616 783 2679 in
805 2615 867 2681 hoc
888 2638 962 2682 aevo
985 2618 1162 2685 Romulum
1185 2620 1221 2684 in
1250 2618 1369 2684 ooelum
1403 2619 1538 2686 subdito

324 2689 479 2811 ffifflmm
489 2720 663 2805 emigrasse
701 2717 837 2783 credatl
905 2718 987 2798 Quia
1025 2720 1172 2786 Numam
1219 2720 1419 2807 Pompilium
1464 2742 1538 2787 cum

492 2821 553 2886 dea
586 2820 705 2906 Egeria
744 2841 934 2907 congressus
972 2822 1091 2887 tacitos
1128 2822 1291 2903 habuisse,
1329 2827 1363 2889 et
1401 2845 1444 2889 ex
1481 2823 1540 2888 illa

492 2923 579 3011 leges
618 2923 782 2988 Romanas
815 2922 990 2991 didicisset
1035 2925 1117 3006 Quis
1155 2925 1223 2992 'l'iti
1257 2925 1380 2991 latinii
1418 2926 1541 2992 insom-

491 3027 608 3091 niuml
675 3026 756 3106 Quis
794 3026 898 3093 Marci
937 3026 1060 3094 Oeditii
1097 3028 1138 3093 de
1177 3028 1347 3094 Gallorum
1392 3028 1541 3095 adventu

326 3135 394 3215 0505·
410 3135 443 3186 ‹10
493 3152 605 3197 vocem
643 3129 847 3197 admireturl
913 3129 996 3210 Quis
1034 3135 1130 3218 putet
1175 3132 1273 3218 paulo
1317 3137 1393 3197 ante
1431 3130 1542 3198 Caesa-

325 3202 433 3319 ffl*
493 3255 563 3299 rem
586 3231 795 3298 intersectum
811 3232 929 3298 bovem
952 3233 1048 3298 corde
1062 3233 1224 3299 caruisset
1248 3239 1315 3311 aut,
1339 3235 1367 3299 si
1390 3235 1541 3313 caruerit,

495 3335 690 3402 caeananae
721 3335 836 3400 mortis
867 3340 1058 3421 portentum
1089 3335 1213 3401 luisset
1257 3335 1340 3416 Quis
1369 3336 1543 3422 Tarquinii

489 3439 586 3524 jussu
633 3437 769 3503 Attium
815 3437 963 3502 Navium
1007 3441 1113 3503 cotem
1159 3437 1319 3503 novacula
1354 3439 1542 3525 praecidisse

495 3540 671 3626 opineturt
716 3539 798 3619 Quis
814 3538 1044 3604 Alexandrum
1068 3539 1244 3605 credidem't
1270 3541 1411 3606 amicum
1433 3540 1543 3608 Ptole-

495 3668 615 3711 maeum
637 3667 658 3709 a
679 3651 785 3709 morte
815 3645 858 3710 ad
884 3646 990 3711 vitam
1021 3647 1166 3712 radicula
1199 3647 1339 3733 quadam
1366 3669 1541 3727 revocasse,

496 3770 595 3834 quam
633 3746 683 3810 illi
720 3746 817 3812 draco
854 3769 913 3833 per
949 3748 1094 3834 quietem
1133 3748 1345 3815 ostenderat?
1390 3750 1436 3814 Et
1473 3751 1545 3817 hmo

496 3854 608 3914 tamen
631 3849 741 3913 omnia
770 3849 813 3914 ab
844 3850 1021 3916 Historicis
1050 3855 1085 3916 et
1116 3850 1309 3918 Oratoribus
1339 3853 1544 3938 praestantis-

497 3952 590 4018 simis
612 3951 810 4029 scribuntur,
841 3957 875 4018 et
897 3974 918 4017 a
939 3953 1034 4019 nobis
1065 3954 1211 4039 quotidie
1242 3955 1312 4020 sine
1342 3954 1410 4019 ullo
1432 3977 1544 4042 super·

498 4053 644 4121 stitionis
660 4052 845 4118 discrimine
860 4055 1023 4141 leguntur.
1050 4056 1103 4132 Et,
1120 4063 1159 4120 ut
1175 4055 1358 4122 Historicos
1372 4057 1543 4144 paululum

333 4183 364 4232 In
373 4180 488 4233 nicasia
498 4159 698 4234 omittamus,
723 4155 894 4221 veniamus
923 4157 966 4221 ad
989 4157 1175 4244 Theologos.
1229 4157 1351 4224 Scribit
1379 4158 1546 4245 Turpinus

333 4252 425 4367 ‘m'
500 4261 669 4328 Remensis
691 4259 971 4345 Archiepiscopua
995 4266 1029 4325 et
1051 4282 1137 4324 unus
1152 4261 1192 4325 de
1207 4260 1403 4347 primoribus
1419 4259 1545 4343 Gallia,

333 4352 435 4447 eapaa’.
500 4386 572 4429 eam
594 4364 643 4428 illi
665 4385 740 4428 cum
757 4360 874 4427 Oarolo
896 4361 1017 4447 Magno
1040 4363 1301 4428 familiaritatem
1319 4364 1545 4442 intercessisse,

334 4449 474 4565 slffile
501 4472 540 4531 ut
561 4466 647 4532 alter
672 4465 770 4531 alteri
800 4463 950 4551 religiose
974 4465 1189 4551 promitteret,
1216 4471 1256 4530 ut
1280 4465 1430 4551 quisquis
1454 4467 1548 4552 prius

334 4532 489 4660 descensura
502 4568 684 4645 moriretur,
699 4566 815 4632 mortis
838 4589 905 4633 sure
927 4573 1058 4653 tempus
1073 4589 1171 4653 qnam
1194 4567 1266 4632 fieri
1283 4567 1393 4655 potuit
1409 4567 1548 4654 diligen·

334 4656 473 4766 {ffifflffl
500 4670 627 4735 tissime
659 4670 830 4756 superstiti
860 4668 1070 4756 significaret.
1134 4669 1230 4749 Quod
1264 4691 1337 4734 oum
1371 4670 1461 4735 inter
1491 4692 1548 4736 eos

335 4783 452 4845 quanta?
502 4772 658 4858 utrinque
691 4778 824 4857 pactum
862 4777 1126 4858 conventumque
1163 4777 1256 4852 essct,
1294 4771 1460 4858 'l'urpinus
1493 4773 1547 4839 dio

335 4847 427 4899 mh·
440 4851 465 4897 ⁶⁰
503 4875 653 4958 quodam,
675 4873 754 4939 dum
787 4897 856 4940 rem
878 4876 1026 4940 divinam
1049 4875 1177 4954 faceret,
1200 4875 1236 4938 in
1258 4875 1399 4939 extasim
1421 4879 1546 4961 neptus,

498 4998 619 5063 momen
640 4976 824 5048 daemonum
840 4979 928 5044 vidit
947 4999 1060 5045 versus
1076 4977 1323 5065 Letharingiam
1346 4981 1549 5065 praetereun-
