3750 6250
708 1103 870 1154 numum
891 1103 1097 1157 metrosus
1364 1096 1429 1167 247

292 1288 357 1342 Istl-
385 1290 404 1315 “
422 1289 602 1357 mandimus,
629 1299 772 1363 quatenus
795 1294 858 1349 hnc
888 1294 984 1348 omnic
1007 1299 1038 1349 et
1055 1295 1171 1366 singula
1195 1297 1368 1369 singillatim
1397 1304 1507 1364 etAl),
1520 1313 1591 1369 1³41,

384 1374 403 1401 ‘⁴
422 1373 509 1441 clare,
541 1376 612 1432 locis
640 1378 745 1448 quibus
774 1376 976 1448 ¹expederitis,
1002 1378 1158 1449 publicetis
1184 1388 1214 1437 et
1237 1382 1351 1439 facistis
1373 1401 1427 1456 per

292 1424 351 1491 Ψ
383 1460 403 1485 “
421 1458 494 1515 alios
518 1460 677 1532 publicori3
708 1463 788 1534 piam
810 1462 999 1517 intentionem
1023 1479 1111 1533 quam
1133 1463 1274 1521 habemus
1298 1467 1336 1522 cd
1359 1469 1425 1524 sub-

293 1572 314 1612 f,
382 1545 402 1570 “
420 1542 552 1600 ducenda
575 1546 756 1602 incommoda
781 1552 812 1601 et
836 1546 1031 1618 promovenda
1060 1548 1210 1603 commode
1233 1550 1424 1618 subditorum,

382 1629 401 1653 ‘⁶
420 1627 503 1699 ipsis,
520 1630 605 1699 juxta
623 1630 721 1685 datum
741 1635 771 1686 et
788 1630 870 1686 vobis
888 1648 906 1684 a
923 1628 985 1684 Deo
998 1630 1170 1701 sapientiam
1182 1634 1424 1701 commendantes,

381 1714 401 1739 “
419 1717 452 1767 et
467 1712 499 1767 in
515 1712 574 1769 hiis
593 1715 692 1771 taliter
711 1732 764 1771 vos
783 1715 921 1770 habentes
938 1714 1016 1785 quod
1032 1721 1160 1770 vestrum
1178 1715 1333 1773 debeamus
1346 1720 1425 1775 solli-

381 1795 578 1853 “citudinem
604 1799 709 1855 meritc
734 1799 944 1855 commendare.
989 1799 1075 1854 Teste
1093 1800 1206 1870 meipso
1232 1801 1309 1872 spud
1326 1802 1422 1860 West·

380 1879 400 1907 ‘⁴
419 1883 635 1948 monesterium,
663 1881 851 1939 'duodecimo
876 1884 924 1938 die
951 1882 1112 1948 Februarii,
1138 1900 1212 1940 anno
1228 1886 1314 1957 regni
1331 1888 1423 1944 cosmi

381 1965 400 1993 ‘⁶
420 1965 693 2035 quinto-deoim0.”]

415 2046 540 2121 Scripsit
557 2050 737 2115 Lodowious,
758 2051 825 2106 Dux
840 2049 983 2115 Berariae,
1003 2067 1127 2121 regnum
1140 2050 1321 2109 Alemannis
1338 2070 1422 2111 cocu·

379 2147 460 2204 psus,
479 2133 643 2206 Anglornm
660 2135 737 2206 Regi
755 2134 906 2199 Eduardo,
921 2134 975 2190 sub
994 2133 1048 2189 hac
1066 2135 1213 2190 forme:-

292 2226 349 2279 lul.
417 2221 437 2245 “
455 2216 634 2283 bodonicus,
655 2219 711 2275 Dei
738 2220 834 2291 grstia
858 2219 1055 2274 Romanorum
1074 2218 1196 2290 imperii
1221 2236 1335 2291 semper
1360 2219 1421 2277 Au·
1434 2240 1558 2293 meros

381 2304 401 2330 “
420 2310 535 2374 gustus,
560 2304 704 2361 Edwsrdo
733 2304 810 2375 Regi
835 2302 1025 2374 'Anglorum
1056 2302 1153 2371 [fratri
1183 2321 1236 2358 suo
1259 2305 1553 2373 camssimc‚1nuisof

292 2362 346 2427 ’ὅδ’
381 2388 545 2445 “sulutem
569 2396 600 2447 et
625 2390 760 2444 heternee
786 2387 951 2444 dilectionis
984 2387 1128 2443 affectum.
1166 2388 1250 2443 Licet
1272 2389 1423 2445 innumera
1434 2374 1544 2456 B²V⁸fi⁸

292 2494 357 2556 ,311
380 2472 400 2498 “
418 2473 599 2544 grandiaque
615 2474 734 2544 negotis
756 2473 863 2527 nostris
881 2471 1050 2527 incumbent
1071 2471 1211 2536 humeris,
1231 2477 1262 2527 et
1278 2473 1356 2528 eiroc
1372 2474 1424 2529 illa
1435 2442 1553 2570 ἓξὲξ,

295 2567 318 2612 t.
379 2557 399 2583 “
417 2556 620 2628 multipliciter
643 2561 674 2611 et
696 2556 812 2612 assidue
835 2555 1041 2618 distrahamur,
1067 2565 1255 2610 tamencum
1279 2555 1558 2643 discordiamoking

378 2642 398 2667 “
416 2640 494 2696 inter
517 2647 547 2696 te
570 2646 601 2696 et
623 2641 802 2712 Philippum,
834 2639 947 2710 Regem
970 2638 1127 2702 ⁴Frsnciae,
1153 2638 1268 2693 affinem
1290 2646 1422 2695 nostrum
1434 2642 1528 2721 hisap-

377 2726 397 2751 “
416 2724 626 2796 praedilsnum,
638 2730 709 2789 orta,
723 2726 777 2780 tibi
790 2731 820 2779 et
831 2730 882 2779 tuo
893 2741 985 2793 regno
998 2722 1215 2794 quamplurium
1232 2741 1422 2795 personarum
1433 2716 1572 2789 P⁰¹¹²i¹²¹⁰¹¹¹

377 2809 397 2834 ‘⁶
416 2814 447 2863 et
471 2826 571 2864 rerum
598 2809 758 2881 dispendia,
785 2808 850 2880 ipss
878 2825 936 2861 non
962 2807 1071 2871 sedate,
1097 2808 1129 2860 in
1154 2808 1286 2863 futurum
1314 2776 1593 2907 poterit{¹‚⁸³ar{⁷{‚⁰f⁸²¹'ffi‘⁸'f

376 2894 402 2931 ‘⁸‘
416 2909 565 2963 generare,
591 2899 622 2949 et
645 2894 752 2948 nostris
780 2910 811 2947 se
837 2897 1029 2962 repraesentat
1051 2891 1210 2956 obtutibus,
1236 2899 1421 2965 mentemque
1433 2908 1542 2975 Empirg

376 2976 395 3001 ‘⁶
415 2982 544 3031 nostram
568 2977 732 3049 specialiter
756 2976 848 3046 angit,
868 2982 898 3029 et
915 2975 1022 3028 excitat
1039 2980 1074 3029 ut
1092 2973 1129 3028 nd
1146 2974 1303 3029 tollendam
1327 2978 1422 3048 ipsam

375 3061 395 3086 “
414 3060 544 3115 studium
558 3066 588 3116 et
602 3077 719 3133 operam
731 3065 839 3114 nostrae
854 3056 1058 3113 sollicitudinis
1073 3074 1260 3129 apponamus.
1297 3059 1421 3132 Propter

374 3145 394 3172 “
413 3144 492 3214 quod
508 3151 538 3200 te
556 3146 631 3201 scire
646 3146 791 3208 volumus,
808 3142 886 3213 quod
902 3143 1043 3213 praefatus
1061 3140 1225 3212 Philippus,
1242 3142 1279 3196 ad
1296 3145 1419 3214 requisi·

373 3229 393 3255 ‘⁶
412 3229 522 3284 tionem
536 3235 675 3293 nostrum,
693 3227 774 3284 dedit
789 3228 872 3282 nobis
887 3227 950 3281 suis
966 3225 1073 3281 litteris
1089 3230 1263 3296 potestatem
1276 3228 1420 3284 mactandi

373 3314 393 3339 “
411 3312 490 3373 inter
506 3319 536 3368 te
549 3319 580 3368 et
596 3313 693 3385 ipsum
712 3329 799 3384 super
817 3310 964 3366 discordia
980 3311 1122 3365 intervos
1141 3310 1288 3366 suscitate.
1327 3310 1420 3380 Quem

373 3396 394 3422 “
412 3403 443 3452 et
459 3396 514 3451 tibi
532 3404 562 3452 et
580 3402 630 3452 tuo
648 3414 748 3466 regno,
768 3395 897 3466 pensatis
919 3394 1078 3465 diligenter
1095 3394 1229 3449 omnibus
1248 3395 1418 3452 conditioni-

373 3482 393 3509 “
411 3480 466 3536 bus
490 3480 549 3535 tuis
568 3487 599 3535 et
615 3480 802 3550 alligatorum
827 3486 954 3542 tuorum,
982 3478 1185 3548 multipliciter
1203 3478 1338 3551 expedire
1358 3498 1419 3536 cre·

373 3566 392 3590 “
411 3564 522 3628 dentes,
558 3564 694 3619 amicitias
724 3569 782 3618 tum
815 3562 1034 3634 persuademus,
1065 3568 1152 3631 teque
1170 3579 1237 3616 cum
1266 3562 1420 3635 diligentie

371 3649 391 3675 “
410 3648 569 3712 hortamur,
606 3654 640 3703 ut
668 3647 706 3702 sd
734 3648 789 3702 hoc
818 3653 902 3702 tuum
937 3664 1088 3701 assensum
1118 3646 1256 3717 praebeas,
1285 3647 1363 3717 quod
1389 3655 1419 3705 te

370 3732 390 3758 ‘⁶
409 3738 440 3786 et
464 3732 561 3802 ipsum
586 3748 722 3786 revocare
747 3730 893 3801 possimus
919 3729 958 3784 ed
983 3729 1174 3795 concordiem,
1206 3736 1236 3785 et
1261 3731 1338 3787 inter
1366 3751 1419 3789 vos

370 3818 390 3843 '⁴
408 3816 489 3886 pacis
534 3815 645 3870 foedera
680 3815 823 3880 ordinare,
864 3813 902 3868 ad
938 3832 1003 3884 quis
1042 3813 1144 3869 libenti
1183 3815 1279 3870 animo
1314 3834 1418 3873 vacere

369 3902 389 3926 “
407 3899 541 3956 volumus
572 3907 602 3954 et
631 3898 797 3971 impendere
827 3916 948 3953 onerosa
976 3899 1177 3968 prosecutione
1213 3898 1335 3956 labores.
1380 3901 1418 3957 In

369 3987 388 4010 ‘⁶
408 4001 475 4054 quo,
501 3984 527 4038 si
545 3982 674 4038 consiliis
699 3984 806 4039 nostris
831 3983 993 4038 consentire
1016 3983 1143 4038 volueris
1168 3989 1198 4038 et
1221 3985 1414 4054 acquiescere,

369 4068 389 4093 ‘⁸
409 4075 443 4124 ut
459 4085 620 4138 speramus,
639 4066 772 4139 ⁶placcst
790 4072 820 4122 et
838 4066 921 4122 nobis
939 4066 999 4121 tuis
1016 4065 1125 4121 litteris
1149 4066 1219 4121 dare
1243 4073 1415 4139 potestatem

369 4153 390 4177 “
408 4151 588 4222 premissam
611 4151 755 4207 tractandi
779 4150 972 4214 concordiem,
995 4155 1025 4205 et
1048 4156 1169 4221 treugcs
1187 4151 1225 4207 ad
1242 4169 1350 4206 annum
1366 4150 1414 4207 vel

370 4235 557 4290 “biennium
580 4235 741 4291 ordinandi.
779 4235 842 4290 Neo
860 4241 889 4291 te
908 4239 1024 4290 moreat
1050 4235 1179 4291 amicitia
1205 4235 1281 4290 inter
1305 4252 1358 4290 nos
1384 4241 1415 4292 et

398 4504 406 4533 ¹
418 4501 529 4567 expedire
540 4498 655 4562 riunire,
666 4500 737 4551 Harl.
748 4505 804 4551 655.
911 4499 954 4548 the
963 4498 1077 4548 Amudcl
1089 4496 1145 4548 MS.
1158 4516 1165 4556 ς
1179 4497 1228 4545 cod
1245 4495 1267 4546 is
1284 4494 1343 4547 here
1354 4513 1411 4563 sup·

398 4578 483 4630 ²This
496 4578 586 4629 (luteis
601 4579 791 4643 suppliednom
807 4575 867 4628 MS.
910 4578 978 4642 plied
1006 4578 1071 4627 from
1099 4575 1141 4626 the
1168 4575 1270 4625 textos
1287 4574 1409 4643 Heming-

364 4659 437 4711 Harl.
454 4663 503 4709 655
525 4658 575 4707 end
592 4658 635 4707 the
654 4657 753 4721 printed
764 4664 830 4707 texts
841 4656 872 4705 of
908 4655 991 4721 burgh
1002 4657 1053 4705 sud
1063 4654 1119 4705 MS.
1128 4652 1201 4704 Harl.
1213 4658 1270 4704 655.
1287 4651 1344 4706 Itis
1355 4656 1408 4708 also

364 4738 548 4802 Wnlsinghsm.
572 4736 866 4802 ThecopyinRyrneris
906 4734 1006 4799 printed
1022 4733 1050 4782 in
1066 4733 1109 4782 the
1124 4731 1188 4783 Nes·
1210 4730 1313 4784 Foederu
1334 4732 1405 4800 up.

365 4817 487 4869 datedthe
497 4819 556 4869 loth
564 4818 596 4869 of
602 4817 739 4883 February,
747 4824 773 4867 nt
781 4817 864 4880 Lang-
909 4819 979 4872 1166,
991 4812 1057 4862 riom
1063 4811 1120 4862 MS.
1129 4811 1229 4863 Cotton.
1242 4810 1316 4865 Otho.
1328 4813 1360 4866 D.
1373 4829 1403 4867 11.

364 4897 564 4964 elessnngley).
938 4890 1117 4951 ⁴Froncorcm,
1128 4891 1200 4943 Harl.
1213 4897 1269 4943 555.

396 4977 492 5028 ’Alter
510 4978 561 5029 this
579 4977 710 5037 sordue
724 4975 864 5039 remaining
938 4970 1055 5038 ⁵placeat
1077 4970 1121 5023 titi
1148 4969 1216 5023 nobb
1237 4970 1324 5024 litteris
1345 4976 1402 5038 tuis,

364 5056 504 5122 portiones
517 5059 559 5108 the
579 5056 664 5108 Iaetter
679 5056 702 5106 is
718 5055 822 5106 omitted
837 5054 863 5103 in
908 5052 980 5104 Hsrl.
994 5056 1048 5104 555.
