3750 6250
669 1110 831 1162 meroen
853 1114 1059 1166 inamoena
1319 1101 1383 1174 227

282 1294 311 1347 tl.
342 1293 584 1361 Linoelniensem,
609 1296 647 1352 ad
666 1296 819 1353 Australos
844 1306 941 1370 partes
962 1302 1056 1371 regni,
1079 1307 1109 1355 et
1127 1300 1251 1370 ipsemet
1276 1298 1382 1354 Gorno·
1394 1295 1462 1347 AD·
1478 1301 1547 1346 1340.

282 1393 284 1405 ⁴
343 1379 474 1436 mutham
501 1380 627 1436 aeeeesit
655 1382 854 1452 personaliter,
874 1401 927 1454 pro
952 1384 1056 1456 majori
1085 1388 1169 1455 parto
1196 1384 1316 1438 navium
1337 1382 1384 1437 ¹et

342 1461 456 1518 militiae
487 1481 608 1520 numero
645 1465 858 1535 eongregando.
913 1466 1027 1522 Deinde
1067 1468 1098 1523 iu
1127 1466 1242 1538 Vigilia
1283 1466 1383 1523 Sancti

343 1544 485 1602 Johannis
530 1547 670 1619 Baptistae
710 1550 861 1618 ingressus
892 1556 938 1606 est
969 1568 1049 1605 mare
1080 1568 1182 1606 versus
1215 1548 1382 1606 Flandriam

340 1631 534 1701 proiecturus,
556 1638 586 1686 et
608 1650 680 1688 euru
698 1632 764 1697 sibi,
785 1634 874 1688 inuno
895 1633 967 1700 Deo,
989 1635 1113 1700 favente,
1136 1634 1225 1704 ooepit
1245 1651 1382 1705 prospere

339 1714 488 1784 navigare.
525 1714 566 1770 Et
582 1733 649 1769 eum
665 1716 847 1787 pervenisset
860 1717 946 1788 juxta
962 1719 1109 1774 maritima
1126 1717 1279 1781 mandrie),
1308 1717 1381 1772 elne·

339 1814 403 1854 aem
420 1798 597 1855 Frauoornm
615 1800 729 1871 eopiose
746 1801 918 1857 instructam
935 1801 1051 1858 obviam
1068 1819 1135 1856 mox
1151 1801 1283 1857 habebat.
1318 1799 1383 1870 Qua

339 1880 377 1935 de
394 1898 490 1946 eausa,
509 1899 562 1953 per
579 1888 673 1937 totum
691 1882 768 1937 diem
786 1883 870 1938 illurn
889 1902 956 1939 enm
973 1885 1034 1940 suis
1052 1884 1224 1950 deliberans,
1249 1884 1280 1940 iu
1304 1901 1382 1940 orus·

340 1965 402 2022 tino
419 1965 641 2038 superveniente
658 1967 691 2022 in
707 1967 772 2038 ejus
792 1968 933 2024 aunlium
958 1968 1048 2026 nobili
1073 1968 1167 2023 milite
1192 1967 1319 2024 Roberto
1345 1966 1381 2021 de

339 2046 480 2121 Merleye,
499 2067 567 2106 eum
584 2050 701 2105 Boreali
727 2050 821 2107 classe
837 2051 965 2124 Angliee,
989 2052 1177 2109 commissum
1202 2058 1248 2107 est
1271 2050 1381 2105 bellum

338 2131 441 2189 navale
459 2132 704 2198 eruentissimum,
724 2133 810 2204 qnele
827 2134 906 2190 eirea
923 2153 989 2192 oras
1006 2134 1132 2208 Anglioe,
1157 2134 1298 2200 uranum,
1318 2134 1380 2189 sive

307 2232 312 2240 '
338 2213 493 2283 flandrie,
512 2235 657 2288 nusquam
673 2218 770 2274 visum
788 2218 861 2284 fnit;
893 2219 944 2274 nbi
970 2220 1069 2275 favore
1093 2219 1192 2274 divino
1219 2218 1325 2273 Franci
1350 2223 1381 2273 et
1392 2215 1419 2264 A
1430 2217 1509 2293 naval-

336 2296 507 2365 Nomanni,
526 2302 633 2356 aeriter
650 2300 791 2371 sagittati,
818 2318 871 2371 per
887 2301 1000 2373 Anglos
1019 2308 1088 2358 sunt
1111 2301 1238 2373 gloriose
1256 2300 1374 2357 devicti.
1391 2289 1490 2361 '¹in
1501 2297 1524 2330 ¹⁸

336 2380 402 2452 Qui,
422 2383 530 2456 partim
547 2384 625 2450 coesi,
644 2384 751 2456 partim
768 2381 879 2455 ‘gratie
898 2386 1051 2452 submersi,
1070 2387 1178 2458 purtim
1196 2385 1272 2456 eapti
1300 2389 1376 2450 sunt,
1390 2350 1546 2478 ffieggfflh

334 2467 456 2524 navibus
490 2485 600 2534 eorum,
629 2469 756 2539 exeeptis
793 2469 894 2541 peueis
924 2488 990 2541 quoe
1019 2469 1220 2541 ’aufugerent
1251 2468 1380 2524 totaliter
1391 2490 1418 2529 at
1429 2481 1505 2544 sluys

334 2550 491 2621 oeenpntie,
517 2551 622 2606 Franci
641 2551 743 2622 ntique
761 2558 792 2608 et
814 2552 986 2618 Normanni,
1007 2571 1074 2610 enm
1091 2553 1235 2609 vidissent
1253 2569 1321 2607 suos
1339 2552 1380 2606 itu
1392 2548 1516 2612 (Musel

334 2634 449 2706 copiose
460 2633 596 2691 cadentes
614 2653 632 2690 n
650 2636 758 2706 sagitta
773 2636 888 2692 volante
907 2637 937 2691 in
956 2637 1003 2691 die
1022 2637 1082 2702 illo,
1096 2644 1126 2692 et
1144 2637 1271 2691 ubertim
1290 2635 1380 2691 sterni

335 2717 371 2772 ab
388 2733 457 2772 ense
475 2724 505 2772 et
522 2719 617 2774 seeuri
636 2718 759 2785 furente,
779 2720 932 2791 elegerunt
944 2721 1041 2792 potius
1067 2721 1098 2774 in
1115 2720 1190 2774 mari
1209 2720 1380 2789 semetipsos

334 2817 476 2872 mergere,
496 2819 584 2871 qnam
601 2806 662 2857 tam
680 2802 869 2858 horribilibus
887 2803 995 2858 ictibus
1008 2802 1167 2872 subjacere.
1206 2803 1382 2858 Ceciderunt

334 2882 426 2956 ⁴ergo
443 2885 486 2940 ibi
510 2886 541 2940 in
559 2903 609 2940 ore
627 2885 720 2957 gladii
737 2886 786 2943 vel
812 2887 932 2951 securis,
954 2887 1069 2957 sagittae
1090 2886 1215 2941 volantis
1234 2893 1264 2941 et
1289 2886 1380 2941 saltus

334 2968 503 3040 prreoipitie,
521 2969 646 3039 triginta
669 2969 764 3025 millia
787 2970 939 3025 hominum
957 2975 1153 3036 armatorum
1172 2968 1249 3023 unde
1268 2975 1378 3039 expost,

335 3070 401 3108 oum
412 3052 511 3110 nullus
523 3053 645 3109 auderet
654 3053 764 3108 referre
782 3053 853 3110 belli
864 3053 1016 3125 praesentis
1028 3053 1138 3108 exitum
1150 3053 1227 3123 Regi
1238 3052 1379 3117 Francius,

333 3134 509 3193 ‘familiares
527 3136 682 3208 quemdam
708 3138 831 3193 stultum
861 3138 993 3209 ejusdem
1021 3136 1113 3209 Regis
1140 3137 1379 3201 subornaverunt,

336 3225 369 3277 ut
385 3238 438 3293 per
455 3221 520 3293 ejus
538 3221 628 3278 verba
646 3221 856 3293 qnedummodo
875 3222 937 3278 Rex
964 3221 1142 3292 intelligeret
1169 3220 1246 3292 quod
1272 3221 1381 3275 factum

334 3304 398 3361 fuit.
439 3304 554 3377 Nempe
584 3305 679 3361 dietus
710 3306 817 3372 fatuus,
846 3307 877 3361 in
902 3305 993 3377 Regis
1020 3304 1175 3377 praeseutia
1192 3304 1376 3368 constitutus,
1391 3317 1526 3366 Thenews

334 3389 423 3461 ooepit
438 3389 626 3447 vehomenter
642 3390 809 3461 vituperare
827 3390 993 3446 vecordiam
1010 3389 1212 3461 Anglieornm,
1226 3395 1257 3442 et
1273 3387 1377 3458 hujus·
1390 3383 1489 3432 1¹10er

334 3471 412 3529 modi
429 3474 553 3529 materia
576 3474 772 3545 multiplicare
796 3474 895 3529 rerba.
933 3474 995 3529 Rex
1021 3478 1119 3528 nutem
1146 3472 1282 3543 ignorans
1308 3449 1486 3542 qnidbrOken
1501 3449 1537 3512 by

335 3556 391 3613 sibi
407 3556 519 3614 vellent
529 3557 619 3614 verba
635 3559 784 3624 morionis,
797 3559 960 3629 interrogat
978 3575 1068 3629 qnare
1080 3555 1152 3612 dieit
1166 3555 1307 3627 Anglieos
1318 3561 1379 3610 tam
1392 3589 1418 3633 ω
1426 3582 1469 3632 the
1476 3581 1547 3645 mg

339 3640 487 3699 vecordes.
513 3640 569 3698 cui
584 3642 644 3707 ille,
671 3641 804 3711 “Quia’‘
830 3643 935 3714 inquit,
965 3641 1088 3697 “timidi
1107 3647 1183 3705 sunt,
1204 3646 1234 3696 et
1251 3640 1281 3694 in
1300 3649 1529 3699 mereoffianoe.

336 3726 356 3752 “
374 3724 482 3781 saltare
499 3743 557 3781 non
574 3731 643 3782 eunt
661 3727 734 3792 nusi,
755 3732 789 3781 nt
801 3727 934 3781 feeernnt
950 3725 1043 3781 nostri
1055 3724 1216 3781 Normeuni
1234 3730 1263 3778 et
1275 3721 1380 3778 Gallici

337 3810 356 3835 ¹‘
373 3809 508 3880 generosi
517 3831 525 3877 ς
535 3809 553 3834 ”
572 3826 625 3881 per
643 3809 721 3881 qnod
738 3810 861 3866 verbum
878 3810 958 3867 illice
975 3809 1039 3864 Rex
1056 3827 1124 3867 snos
1149 3806 1293 3864 intellexit
1320 3806 1381 3861 sore

335 3890 473 3958 devictos,
492 3899 523 3949 et
539 3891 680 3964 Anglieos
698 3893 760 3948 sore
786 3894 922 3951 victores.
966 3892 1113 3964 ceperunt
1139 3898 1236 3948 sutem
1263 3890 1380 3960 Anglioi

335 3974 366 4030 in
382 3974 461 4033 dieto
479 3976 615 4031 conflictu
634 3976 774 4035 ducentas
792 3994 890 4044 naves,
910 3977 942 4032 in
960 3994 1084 4047 quarum
1102 3994 1161 4032 nna
1187 3974 1382 4045 qnadraginta

335 4074 455 4131 eorpora
472 4059 704 4117 Normannorum
733 4066 912 4131 repererint,
939 4060 1053 4116 eaeterie
1078 4076 1179 4115 eornm
1203 4058 1326 4115 navibus
1351 4057 1382 4110 in

336 4141 437 4214 fugam
455 4146 612 4201 conversis.

369 4225 480 4283 Ilodem
509 4246 593 4294 anno,
625 4246 692 4284 eum
722 4228 803 4300 Papa
827 4227 950 4284 vidisset
979 4226 1091 4297 Regem
1112 4225 1229 4296 Anglioe
1258 4225 1289 4277 in
1319 4223 1380 4278 suis
1393 4226 1547 4277 Flandersis

336 4309 447 4367 autibus
476 4313 651 4384 prosperari,
676 4311 844 4367 Flandriam
864 4311 1018 4384 supposuit
1043 4308 1207 4375 interdicto,
1228 4308 1305 4378 quia,
1332 4295 1537 4360 do-leedun·

336 4393 414 4451 uino
431 4395 550 4467 capituli
568 4396 679 4461 relicto,
693 4396 834 4451 auxilium
853 4396 1051 4467 praestiterant
1066 4393 1142 4466 Regi
1159 4397 1267 4447 nostro.
1288 4389 1380 4459 Quam
1392 4362 1527 4478 {llgtlnoeb

338 4477 510 4534 sententiam
543 4479 784 4550 parvipendentes
821 4479 1024 4543 Flandrensee,
1055 4474 1273 4548 responderunt,
1305 4471 1383 4545 quod

370 4793 517 4861 'Bepeeied
539 4795 565 4845 in
588 4796 673 4862 σήμ
703 4797 739 4862 by
761 4795 834 4847 inad·
918 4793 1079 4861 ‘effuperant
1100 4791 1203 4856 inorig.

339 4878 416 4927 imos.
918 4871 1105 4939 ‘loitreinthe
1115 4870 1217 4941 printed
1228 4877 1301 4922 texts

370 4954 474 5021 ’posu
502 4954 529 5005 in
558 4955 600 5007 tte
622 4955 723 5021 pn'nted
750 4961 834 5014 textu
919 4948 1386 5019 ⁵asumiliores‚inorig.;effemilia·

340 5033 416 5096 patin
426 5033 453 5083 in
465 5032 533 5083 Bibl.
545 5034 607 5098 Reg.
623 5034 693 5087 1³13.
706 5034 742 5085 ix„
887 5049 925 5082 ree
937 5031 964 5083 in
976 5031 1018 5083 the
1029 5030 1128 5097 printed
1139 5036 1212 5083 texts

1185 5126 1206 5173 Ρ
1230 5113 1250 5172 2
