3750 6250
650 1113 816 1168 usercam
839 1111 1046 1166 anemonae
1308 1094 1373 1166 44⁷

199 1308 218 1362 ς,
229 1310 298 1361 Bibl.
327 1289 404 1351 citus
421 1292 589 1366 pertulisse,
609 1292 716 1363 quibus
733 1289 870 1362 legaliter
888 1290 951 1344 sive
968 1288 1050 1344 licite
1067 1292 1202 1359 poterant
1218 1287 1372 1352 restitisse,
1386 1294 1456 1344 A.D.
1471 1298 1541 1343 1380.

199 1394 226 1456 g.
240 1384 270 1428 lo
329 1394 416 1449 quam
436 1377 602 1449 Anglorum
619 1376 838 1431 adventantium
856 1390 891 1428 ee
913 1373 988 1438 vice,
1013 1369 1186 1443 dequibus,
1211 1371 1421 1450 reverentiaby
1436 1386 1478 1435 the

203 1460 241 1496 11.

329 1463 503 1535 cognitionis
539 1466 570 1517 et
603 1461 716 1532 petriae,
747 1475 859 1514 necnon
893 1457 975 1513 metu
1006 1456 1117 1527 legum,
1148 1468 1207 1511 non
1241 1448 1549 1528 poterantpreseneeei

328 1547 480 1603 vindicari.
517 1546 590 1602 Post
613 1545 734 1600 idicirco
758 1544 939 1616 apporiatem
968 1542 1102 1613 patriam,
1129 1548 1196 1613 post
1222 1555 1376 1611 expensam
1388 1516 1546 1637 {hfflsshm

329 1629 531 1686 incredibilem
543 1628 607 1684 euri
620 1643 772 1691 summam,
781 1625 920 1681 videlicet
928 1624 1064 1681 undecim
1074 1624 1202 1680 millium
1212 1638 1378 1680 marearum
1443 1600 1468 1650 5‘

329 1731 382 1787 per
399 1720 466 1771 ante
483 1712 671 1770 collectarum
689 1711 726 1767 de
743 1710 889 1767 communi
901 1709 995 1781 plebe,
1008 1725 1144 1765 reversus
1160 1715 1206 1765 est
1223 1708 1377 1772 exercitus,

329 1793 373 1854 nii
383 1800 452 1855 bonl
462 1804 614 1870 reportans
626 1798 739 1869 petrin,
758 1801 866 1867 prater
877 1811 968 1866 equos
981 1809 1054 1866 quos
1073 1795 1242 1865 susceperat
1258 1792 1296 1849 ed
1307 1810 1379 1849 usus

329 1884 472 1957 proprios,
491 1890 672 1955 comparatos
690 1899 709 1937 a
726 1879 822 1937 Scotis
834 1895 870 1935 ee
880 1879 954 1935 viee.

382 2063 520 2131 Βίτωνα
540 2067 679 2151 reperte
700 2068 820 2129 castro
841 2057 1070 2148 Rodelpbam
1092 2061 1132 2128 de
1154 2060 1335 2130 Perrasiis.

364 2192 434 2247 Hiis
452 2192 565 2257 diebus,
579 2209 653 2263 quos
664 2192 765 2248 inanes
782 2190 866 2246 duxit
882 2194 983 2245 nostre
999 2189 1114 2255 militie,
1133 2190 1252 2262 quidam
1268 2207 1379 2262 pauper
1392 2200 1494 2253 certam

330 2276 462 2332 inventas
483 2276 596 2333 litteras
621 2275 761 2347 quasdam
780 2274 923 2346 sigillatos
948 2273 1048 2329 attulit
1075 2274 1201 2329 Johnnni
1231 2275 1377 2347 Philipot3
1392 2267 1547 2318 iffflwmble

331 2361 391 2429 qui,
405 2360 569 2415 convocatis
582 2360 669 2415 sociis
681 2359 805 2422 civibus,
814 2376 903 2413 unam
915 2358 1058 2431 aperiens,
1071 2358 1174 2429 patriae
1186 2358 1379 2430 proditionem
1392 2337 1476 2385 lem

330 2444 404 2515 aga
415 2446 447 2499 a
459 2462 502 2509 ea,
523 2451 561 2509 a,
581 2442 681 2514 sigillo
698 2442 835 2497 amans
853 2443 993 2514 aspecta,
1013 2442 1150 2513 cognovit
1168 2444 1229 2498 rore
1248 2444 1379 2515 sigillum
1391 2404 1517 2533 {251}ssss

330 2527 478 2599 Redulphi
496 2527 533 2581 de
550 2525 695 2581 Ferrariis
707 2526 822 2589 militis,
846 2526 897 2595 qni
920 2526 998 2581 inter
1015 2527 1113 2597 regios
1126 2527 1307 2583 consiliarios
1320 2528 1380 2582 iere
1393 2536 1502 2586 Periere.

331 2612 426 2667 tenuit
449 2612 578 2682 primum
604 2610 717 2675 locum;
744 2625 869 2680 moxque
894 2608 967 2664 alies
995 2616 1119 2680 quatuor
1136 2610 1260 2676 litteras,
1281 2612 1382 2667 eodem

333 2695 471 2758 firmatas,
490 2692 586 2765 primo
604 2693 690 2764 regni
706 2691 897 2755 Gancellario,
911 2691 1016 2746 deinde
1028 2692 1114 2765 Regi,
1134 2693 1238 2750 defert.
1270 2694 1382 2764 Quibus

332 2778 481 2849 inspectis,
500 2781 531 2831 et
543 2776 628 2846 signo
645 2775 794 2846 Radulpbi
812 2775 938 2845 cognito,
952 2791 1063 2829 necnon
1080 2777 1262 2834 considerato
1278 2780 1384 2850 quibus

333 2862 465 2931 personis
485 2859 604 2914 directae
616 2859 750 2923 inissent,
770 2858 842 2922 Rex,
857 2857 1007 2928 Regisque
1027 2858 1106 2929 quod
1122 2875 1176 2931 pro
1196 2867 1267 2917 tunc
1285 2863 1385 2917 aderat

333 2944 504 3008 Consilium,
523 2943 684 3015 plurimum
696 2941 833 2998 admirati
846 2948 932 3007 sunt;
952 2947 983 2997 et
993 2958 1028 2997 oo
1044 2944 1192 3015 precipue
1204 2946 1282 3017 quod
1299 2946 1384 3001 miles

332 3034 394 3083 tam
420 3044 517 3092 senex,
543 3027 654 3097 inquo
682 3026 771 3081 etiam
798 3041 906 3096 magna
933 3042 1000 3096 spes
1021 3027 1124 3096 patriae
1149 3029 1206 3084 sita
1233 3029 1298 3094 init,
1318 3047 1384 3100 pro·

332 3109 492 3168 ditionibus
527 3111 693 3168 inserviret.
741 3109 878 3182 Namque
913 3108 1025 3166 duecte
1054 3117 1118 3167 erat
1153 3130 1212 3168 nna
1247 3130 1282 3168 ex
1311 3113 1384 3184 ipsis

332 3195 496 3250 Bartrendo
532 3194 675 3267 Gleykyn,
713 3193 773 3249 alia
801 3194 915 3249 Brnero
945 3193 981 3248 de
1009 3192 1039 3248 le
1068 3195 1159 3251 Rivar
1188 3201 1218 3251 et
1253 3196 1384 3252 Fianeiae

333 3278 534 3344 Gemberlano,
566 3295 626 3334 une
651 3294 721 3334 vero
743 3277 870 3334 Domino
894 3275 931 3332 de
950 3276 1105 3349 ¹Glysson,
1125 3284 1155 3334 st
1177 3296 1236 3335 una
1262 3286 1384 3352 patrono

333 3362 505 3434 galeyarum
522 3367 553 3418 et
570 3361 639 3417 duci
662 3361 842 3417 Francorum
865 3367 896 3416 et
918 3360 1119 3432 Hispanorum
1143 3362 1307 3430 exercitus;
1333 3365 1384 3436 qui

333 3447 435 3502 eodem
450 3453 581 3519 tempore
599 3463 653 3517 per
673 3445 791 3501 diversa
808 3445 872 3501 loca
888 3446 1037 3500 maritima
1054 3447 1240 3517 remigantes,
1256 3448 1385 3519 plurima

333 3529 439 3586 damna
455 3533 559 3603 patriae
578 3529 750 3585 inferebant.
788 3529 983 3586 continebant
999 3528 1072 3585 adeo
1083 3531 1227 3601 profunda
1244 3532 1336 3605 Regis
1355 3540 1386 3589 et

334 3615 418 3684 regni
455 3614 586 3678 consilia,
618 3617 651 3668 ut
687 3610 763 3668 nulli
794 3613 909 3668 veniret
942 3613 974 3668 in
1009 3612 1132 3669 dubium
1158 3611 1266 3670 ²elinm
1297 3632 1385 3688 qnam

334 3697 521 3768 Redulphnm
544 3697 677 3763 Ferreus,
703 3697 750 3752 vel
774 3697 873 3762 talem,
906 3698 958 3768 qui
988 3698 1102 3769 privato
1132 3699 1224 3771 Regis
1255 3699 1385 3757 Consilio

332 3781 497 3921 ἓεείεὲἰίἒαὺ,
535 3782 665 3852 potuisse
694 3781 743 3837 vel
774 3781 961 3852 imaginasse,
992 3782 1040 3838 vel
1076 3783 1207 3850 scivisse,
1237 3785 1284 3840 vel
1314 3787 1387 3842 talia

353 3881 409 3919 enu
463 3883 504 3920 se.

369 3945 478 4019 Igitur,
498 3966 565 4005 cum
584 3962 699 4004 summa
716 3947 901 4004 festinatione
919 3948 1002 4005 missi
1021 3955 1089 4007 sunt
1120 3950 1239 4023 quidam
1264 3954 1384 4022 milites,

335 4048 403 4088 cum
421 4031 501 4088 dioto
528 4026 662 4087 iohanne
679 4029 835 4103 Philipott,
855 4031 893 4088 ad
919 4027 1042 4100 Ducem,
1070 4035 1120 4107 qui
1146 4042 1217 4094 tunc
1243 4037 1288 4110 (nt
1313 4057 1386 4111 pra·

335 4115 472 4186 diximus)
503 4112 541 4171 ad
565 4112 751 4172 tractandum
776 4132 844 4172 cnm
880 4116 976 4174 Sectis
1010 4117 1042 4173 in
1074 4128 1173 4191 partes
1204 4129 1388 4180 concesserat

335 4197 483 4265 Boreeles,
503 4216 571 4255 cum
590 4217 648 4271 quo
675 4201 765 4256 etiam
795 4206 826 4256 et
850 4200 1024 4274 liudulphus
1052 4203 1088 4259 de
1113 4205 1258 4263 Ferrariis
1285 4206 1386 4263 eedem

335 4288 508 4356 tempestate
526 4284 601 4340 fuit:
622 4283 716 4355 sigilli
734 4302 804 4340 voro
822 4285 1062 4358 impressionibus
1081 4288 1158 4346 Daci
1177 4296 1288 4348 secrete
1305 4310 1386 4348 mon·

335 4369 446 4433 emens,
469 4373 590 4423 vocatus
609 4371 655 4423 est
673 4362 846 4439 Badulpbus
872 4370 909 4424 de
933 4370 1088 4437 Feri-ariis,
1108 4378 1138 4428 et
1163 4360 1295 4447 sigillum
1319 4394 1386 4448 pro·
1399 4402 1473 4453 Hei,

336 4451 434 4522 prium
463 4458 626 4507 monstrare
650 4452 762 4524 jussus.
798 4452 960 4509 Collatione
986 4455 1029 4510 ita
1055 4457 1132 4513 iacta
1149 4457 1383 4531 impressionum,
1400 4468 1510 4535 charged

335 4539 515 4606 compertum
527 4534 657 4591 estnihil
669 4536 785 4591 omnino
803 4535 935 4592 differre:
956 4536 993 4593 ad
1005 4540 1155 4596 emulum
1167 4544 1255 4598 etiam
1266 4546 1387 4618 majoris
1399 4536 1461 4614 With
1473 4537 1515 4586 ‘¹¹⁰

336 4619 519 4691 suspicionis,
539 4620 684 4676 fatebatur
703 4620 781 4675 idem
798 4620 972 4693 Redulphns
998 4640 1030 4678 se
1047 4624 1122 4678 nulli
1140 4628 1321 4686 commisisse
1339 4633 1386 4687 sui
1399 4617 1484 4682 ‚emi’
1495 4603 1546 4653 ³¹¹⁶

336 4701 429 4776 sigilli
447 4703 610 4760 custodiam
626 4721 680 4776 per
705 4709 766 4760 tres
791 4722 881 4761 annos
908 4711 1073 4774 anteactos3
1100 4707 1177 4765 unde
1203 4709 1302 4771 ³visus
1330 4716 1388 4774 fuit
1398 4684 1486 4787 mi]

373 4936 380 4966 ¹
394 4934 621 5001 Glyceramoriffl
638 4937 766 4987 corrected
772 4935 838 4987 from
888 4936 931 4988 the
942 4936 1041 5005 printed
1052 4928 1126 4992 texts.

338 5015 573 5080 theprintedtexts.
921 5016 1111 5073 'oisuminthe
1120 5020 1222 5087 printed
1231 5031 1306 5079 texta

371 5092 462 5144 vassa
480 5093 509 5145 a
526 5094 610 5161 orsa,
630 5097 757 5148 aneas
773 5095 839 5146 um
