3750 6250
675 1112 841 1168 11111111
863 1112 1070 1171 momenta
1335 1105 1395 1173 101

284 1302 328 1403 pr.
347 1283 468 1360 vigilia.
495 1287 667 1345 Nativitatis
702 1290 842 1363 ejusdem,
886 1294 967 1348 venit
1007 1310 1121 1347 summo
1156 1309 1240 1347 mane
1275 1312 1399 1367 magnus
1410 1303 1479 1355 ArD.
1499 1309 1570 1355 1³08.

285 1354 314 1467 Ιῑ
348 1370 492 1430 exereitus
516 1372 666 1428 hominum
689 1383 876 1441 armatorum,
897 1377 1005 1432 missus
1029 1394 1064 1431 ex
1087 1382 1170 1447 parte
1193 1377 1286 1449 Regis
1310 1371 1568 1436 1111-Ρο11130111·

347 1454 400 1508 1111
424 1460 454 1511 11
478 1456 678 1513 cardinalium
701 1459 960 1532 columpnensium
983 1460 1194 1525 damnatorum,
1220 1469 1338 1534 repente
1362 1437 1562 1555 “dgdrediffie

347 1544 463 1607 portum
487 1540 615 1596 civitatis
663 1541 832 1615 'Anagnim
859 1545 890 1600 in
922 1562 1010 1616 quam
1046 1543 1127 1616 Papa
1149 1546 1322 1617 confugerat
1344 1565 1397 1619 pro
1409 1569 1525 1621 00102„

347 1621 447 1687 tutela,
474 1624 544 1694 qnia
566 1625 676 1680 ibidem
695 1634 781 1683 natus
812 1629 915 1684 fuerat.
966 1628 1152 1684 Invenientes
1182 1629 1276 1701 igitur
1298 1637 1397 1702 portas
1409 1638 1560 1689 endothern

346 1714 469 1777 apertas,
496 1708 623 1779 ingressi
648 1717 717 1767 sunt
748 1712 897 1768 civitatem
930 1720 960 1768 11
984 1730 1050 1767 mox
1082 1712 1225 1768 dederunt
1256 1714 1398 1771 insultum

345 1790 461 1860 paletiis
483 1792 600 1848 Domini
629 1793 725 1869 Papio,
751 1802 782 1852 ct
798 1796 977 1853 Marchionis
994 1796 1108 1867 nepotis
1131 1796 1229 1869 Papae,
1255 1805 1285 1853 et
1308 1800 1397 1855 trium

346 1873 553 1932 cardinalium.
590 1877 789 1935 Communitas
813 1898 880 1936 vero
903 1880 992 1945 villae,
1012 1886 1159 1951 comperto
1189 1881 1267 1952 qnod
1286 1884 1396 1949 Scaira,

345 1960 434 2015 frater
456 1958 747 2034 ’columpniensium
770 1964 980 2030 cardinalium,
1004 1971 1034 2020 et
1053 1964 1220 2021 Willelmus
1244 1965 1281 2020 de
1303 1966 1398 2023 'Lon-

345 2050 456 2114 311111,
483 2045 666 2103 Senesoallus
690 2048 783 2119 Regis
807 2049 948 2114 Francius,
984 2047 1170 2104 advenissent
1194 2067 1229 2105 ea
1252 2051 1398 2122 conspira-

345 2128 431 2196 tione,
456 2136 492 2186 ut
514 2130 624 2204 Papam
637 2131 815 2204 deponerent
833 2133 881 2189 vel
904 2139 1052 2198 necarent,
1072 2134 1172 2189 statim
1189 2133 1304 2205 pulsata
1322 2152 1398 2190 oom-

344 2216 425 2270 mnni
458 2234 607 2288 campana,
640 2223 671 2274 11
703 2224 830 2273 tractatu
860 2219 969 2283 habito,
1005 2219 1035 2273 in
1068 2220 1214 2275 communi
1245 2219 1398 2290 elegerunt

345 2299 399 2354 sibi
436 2300 621 2371 capitaneum
654 2302 798 2373 quendam
835 2302 1035 2373 Adnulphum,
1063 2320 1153 2358 unum
1178 2320 1213 2357 ex
1236 2302 1396 2374 majoribus

344 2383 468 2440 dominis
498 2385 535 2440 do
568 2385 723 2457 campana,
749 2404 802 2458 per
834 2403 921 2458 quem
957 2386 1077 2441 instanti
1108 2386 1226 2457 negotio
1261 2404 1396 2458 regeren-

344 2474 400 2525 tur.
439 2467 496 2539 Qui
515 2469 633 2540 quidem
656 2468 1395 2543 111111111111111131111111111,1)οωὶ1111111

343 2553 440 2612 extitit
458 2553 591 2625 capitalis
626 2553 771 2610 inimicus.
815 2555 939 2611 Interim
970 2554 1088 2610 Domini
1115 2554 1203 2626 Papia
1236 2554 1396 2611 adversarii

343 2636 406 2707 ejus
426 2638 545 2709 palatio,
564 2644 595 2693 11
610 2638 786 2693 Marchiouis
805 2639 917 2711 nepotis
937 2639 993 2704 sui,
1014 2640 1162 2710 triumque
1184 2638 1394 2705 cardinalium,

342 2722 499 2778 acerrimos
523 2721 666 2777 dederunt
689 2722 824 2778 insultus.
864 2723 922 2779 Sed
946 2723 1140 2778 familiaribus
1165 2722 1283 2780 Domini
1308 2722 1395 2794 Papae

343 2811 373 2860 et
402 2806 582 2863 Marohionis
617 2806 743 2862 viriliter
785 2824 816 2862 se
865 2806 1095 2872 defendentibus,
1133 2806 1252 2861 illorum
1287 2807 1396 2877 palatia

342 2889 477 2945 invadere
509 2890 711 2961 nequiverunt.
749 2890 851 2946 Trium
875 2897 973 2946 tamen
994 2889 1192 2946 cardinalium
1213 2890 1330 2961 palatia,
1345 2890 1396 2961 qui

342 2974 549 3046 reputabantur
581 2974 746 3045 specialiter
776 2975 863 3030 amici
889 2973 987 3045 Papae,
1022 2991 1074 3045 per
1097 2974 1158 3028 1111
1183 2980 1213 3028 11
1236 2974 1395 3044 potentiam

342 3066 410 3114 sunt
440 3059 587 3131 ingressi,
618 3065 649 3113 11
675 3059 772 3114 omnia
803 3059 879 3114 bona
914 3058 1022 3112 ibidem
1058 3064 1175 3129 reperta
1210 3056 1396 3130 diripuerunt

342 3150 371 3198 et
392 3149 622 3216 asportaverunt.
661 3144 724 3216 Ipsi
753 3162 823 3200 1111
847 3143 1017 3201 cardinales
1039 3161 1057 3197 a
1079 3149 1163 3213 tergo
1186 3160 1239 3213 per
1258 3142 1394 3198 latrinam

341 3228 390 3284 vix
408 3235 573 3286 evaserunt.
620 3229 738 3284 Interea
757 3228 925 3300 supervenit
946 3226 1088 3282 Dominus
1106 3226 1292 3298 Adnulphus‚
1313 3226 1393 3282 villoe

341 3313 517 3385 capitaneus,
533 3312 679 3368 adducens
700 3330 800 3368 secum
818 3312 974 3368 Dominum
991 3309 1187 3382 Reginaldum
1211 3310 1247 3365 ds
1273 3310 1391 3382 Supine,

327 3397 391 3469 ,qni
423 3397 527 3454 habuit
556 3397 587 3451 in
618 3395 778 3468 campania
809 3414 949 3466 magnum
977 3394 1146 3459 dominium,
1167 3400 1198 3449 et
1218 3401 1281 3450 erat
1304 3394 1392 3466 Papa

341 3483 473 3554 capitalis
500 3481 701 3546 adversarius,
728 3498 796 3535 cum
821 3498 879 3551 qno
904 3481 993 3535 etiam
1018 3484 1161 3534 venerunt
1189 3477 1244 3534 filii
1274 3476 1392 3533 Domini

341 3567 482 3622 Johannis
506 3566 542 3620 de
567 3565 682 3630 chitan,
715 3582 839 3636 quorum
868 3571 982 3639 patrem
1011 3563 1093 3635 Papa
1122 3569 1191 3618 tuno
1222 3563 1253 3616 in
1276 3579 1392 3618 carcere

340 3651 494 3707 detinebat.
533 3649 665 3721 cumque
689 3649 785 3705 dictus
803 3649 980 3719 capitaneus,
1003 3666 1071 3702 oum
1092 3648 1153 3702 suis
1178 3647 1264 3702 sociis
1292 3664 1393 3717 supra·

340 3735 434 3799 dictis,
454 3734 583 3790 venisset
606 3733 643 3789 ad
668 3732 819 3788 Schairam
837 3731 873 3786 de
898 3731 1069 3803 columpna,
1090 3737 1121 3786 et
1138 3730 1202 3800 ejus
1221 3730 1390 3794 exercitum,

340 3821 438 3876 statim
464 3837 531 3874 cnm
556 3818 634 3872 omni
659 3817 765 3888 populo
793 3834 881 3887 quem
899 3815 1031 3880 ducebat,
1061 3815 1211 3886 conjunxit
1228 3832 1260 3869 11
1278 3813 1390 3878 eidem;

339 3911 369 3961 et
385 3903 586 3961 communibus
611 3901 687 3957 votis
714 3902 864 3956 irruerunt
889 3905 1003 3955 tantum
1024 3900 1056 3953 in
1082 3899 1192 3969 Papam
1211 3904 1241 3953 et
1257 3903 1393 3969 nepotem

339 4008 433 4054 suum,
454 3986 531 4059 quod
550 3987 609 4048 diu,
630 3992 664 4041 ut
680 3985 846 4057 putabatur,
872 3985 915 4038 eis
939 3984 1077 4038 resistere
1095 4000 1152 4037 non
1169 3983 1309 4038 valerent.
1348 3980 1393 4036 Ob

339 4092 426 4146 quam
455 4089 573 4128 causam
600 4069 742 4125 Dominus
768 4069 857 4140 Papa,
885 4068 992 4123 timens
1017 4066 1084 4132 sibi,
1113 4072 1233 4139 treugas
1259 4065 1346 4137 petiit
1374 4081 1394 4119 a

340 4159 468 4222 Schaira,
488 4152 606 4227 ⁴[quas]
632 4154 688 4209 sibi
707 4153 858 4215 concessit,
878 4159 909 4207 et
925 4152 1024 4223 nepoti
1043 4169 1105 4216 suo,
1125 4168 1218 4222 usque
1236 4148 1274 4205 ad
1291 4149 1393 4204 boram

339 4260 441 4299 nonam
466 4241 537 4296 dicti
565 4239 640 4309 diei;
673 4256 738 4308 quae
761 4236 899 4291 videlicet
922 4242 1035 4306 treugae
1059 4241 1151 4307 captae
1181 4234 1298 4289 fuerant
1320 4231 1393 4287 hora

339 4327 440 4397 prima.
485 4324 615 4378 Duraute
651 4327 765 4393 treuge,
799 4320 880 4391 Papa
914 4320 998 4374 misit
1033 4324 1144 4374 secrete
1180 4317 1217 4373 ad
1251 4314 1393 4388 populum

339 4409 488 4482 Anagniae,
507 4408 673 4480 supplicans
691 4412 724 4461 ut
742 4404 889 4460 salvarent
905 4405 997 4459 vitam
1015 4420 1107 4466 suam,
1127 4401 1298 4472 promittens
1315 4398 1393 4471 quod

340 4494 363 4548 si
377 4494 432 4549 boc
449 4495 586 4555 facerent,
607 4489 684 4562 quod
701 4489 781 4562 ipsos
800 4489 830 4544 in
848 4495 962 4545 tantum
976 4485 1176 4558 locupletaret,
1197 4484 1275 4554 quod
1292 4501 1393 4540 omnes

340 4597 391 4635 suo
407 4584 548 4651 perpetuo
566 4576 671 4632 merito
689 4573 817 4646 gaudere
836 4573 983 4628 deberent.
1021 4568 1151 4641 Populus
1168 4585 1238 4624 vero
1256 4587 1288 4625 se
1306 4586 1391 4627 excu-

370 4833 378 4865 ¹
395 4833 510 4899 amma
520 4832 547 4883 11
556 4831 600 4882 the
611 4830 710 4896 printed
721 4835 796 4882 texts.
890 4827 926 4877 ix.
960 4822 1072 4890 Nepam
1081 4820 1105 4874 11
1115 4820 1158 4872 the
1169 4829 1348 4874 1111111111.

369 4916 379 4944 ²
393 4912 613 4978 Colsnpnicucium
629 4912 657 4960 in
668 4909 731 4976 orig.
923 4907 932 4935 ⁴
945 4902 1058 4955 Omitted
1069 4900 1096 4951 in
1108 4901 1182 4967 erige
1201 4901 1314 4966 supplied
1325 4902 1390 4952 stom

368 4992 518 5060 'Nepnreto
550 4991 577 5040 ln
610 4989 761 5055 Rishanger,
794 4989 839 5038 but
890 4986 932 5035 tho
957 4983 1056 5047 printed
1078 4991 1152 5041 texts,
1172 4982 1324 5049 Rishnnger,
1340 4973 1391 5034 md

339 5068 473 5139 lamento
484 5072 511 5122 in
522 5070 579 5122 MS.
597 5069 663 5120 Bibl.
681 5065 746 5133 fleg.
766 5073 796 5118 1³
808 5069 838 5120 Ε.
890 5066 947 5117 MS.
959 5063 1025 5116 Bibl.
1038 5065 1102 5130 Bag.
1116 5068 1145 5116 1³
1156 5061 1187 5114 11.
1198 5061 1235 5114 ix.
