3750 6250
658 1111 821 1166 mseoars
845 1111 1051 1165 anemonen.
1312 1102 1374 1164 211

276 1311 303 1362 rl.
333 1304 353 1329 ‘¹
371 1308 454 1357 tuam
479 1300 684 1373 requirendam
709 1308 779 1357 tuno
804 1302 940 1357 claruimus
970 1319 1023 1373 per
1052 1299 1168 1356 easdem
1198 1299 1321 1364 litteras,
1350 1299 1544 1358 ctA.D.1asa.

334 1391 352 1414 “
372 1387 542 1458 rogandam,
562 1395 595 1442 ut
622 1388 779 1458 prudenter
797 1388 960 1451 advertens,
984 1394 1014 1441 et
1038 1387 1069 1440 in
1094 1386 1234 1440 scrinium
1260 1386 1379 1439 internru

276 1447 299 1495 b·
334 1474 353 1499 “
373 1472 611 1526 considerat-ionis
630 1472 784 1535 adducens,
805 1472 980 1542 gravitatem
998 1489 1150 1542 prunarum
1167 1472 1199 1524 in
1217 1488 1289 1541 equas
1309 1468 1379 1523 inei·

334 1560 353 1584 ¹¹
372 1557 483 1621 derunt,
507 1565 537 1612 et
561 1557 770 1612 sententiarum
796 1575 869 1627 quas
894 1557 1085 1620 incurrerent,
1106 1555 1280 1626 quantisque
1305 1552 1380 1624 peri·

333 1643 352 1667 ⁴⁶
372 1640 447 1696 culis
466 1647 496 1695 ct
513 1640 731 1695 discriminibus
752 1640 997 1711 ¹irnplicarentur,
1018 1641 1068 1710 qui
1087 1640 1208 1710 praelato
1221 1637 1378 1701 ludovico,

333 1728 351 1751 ‘¹
372 1726 414 1780 sic
457 1726 570 1779 notorie
613 1731 643 1779 et
681 1725 796 1794 publice
833 1725 869 1778 dc
904 1724 1066 1796 ²pravitate
1102 1724 1223 1779 heresis
1266 1728 1296 1777 et
1338 1723 1380 1777 sic

333 1809 466 1864 “odiosi
491 1809 544 1864 teti
570 1809 785 1864 Christianitati
811 1809 977 1864 schismatis
1002 1808 1199 1872 condemnato,
1226 1812 1381 1877 auitoquam

333 1893 615 1948 “reconciliationis
643 1893 769 1964 gratiam
788 1893 919 1963 ejusdcm
942 1894 1083 1948 Ecclesite
1107 1878 1382 1962 meruissctsparti·

333 1981 351 2003 “
372 1977 469 2048 cipere
480 1982 699 2048 presumerent,
714 1976 828 2046 sibique
841 1977 1042 2047 impenderent
1053 1977 1203 2040 auxilium,
1217 1975 1380 2039 consilium,

333 2064 352 2087 “
372 2067 403 2116 et
420 2061 558 2124 favorem,
572 2061 621 2115 vel
639 2061 706 2125 sibi,
724 2068 864 2131 tanquam
882 2061 1058 2132 Imperatori
1076 2060 1123 2116 vel
1142 2060 1218 2132 Regi
1239 2059 1382 2114 Romano·

333 2149 352 2170 “
372 2162 447 2209 rum,
476 2145 647 2199 reverentius
672 2144 793 2208 cultum,
814 2162 866 2198 seu
889 2145 1009 2200 titulum
1027 2145 1137 2215 regalis
1155 2143 1204 2200 rel
1222 2142 1383 2215 imperialis

333 2229 353 2254 ‘¹
371 2228 497 2283 neminis
528 2229 714 2299 assignarent
744 2230 879 2294 scienter,
905 2247 939 2284 ae
970 2229 1128 2300 cujuslibet
1150 2228 1383 2299 participationis

334 2314 353 2337 “
373 2311 483 2366 dedere
502 2313 700 2368 contrahendo
719 2330 786 2366 eum
814 2313 888 2383 ipso,
908 2318 939 2367 et
957 2313 1134 2367 exhibitione
1162 2312 1335 2368 reverentiae
1354 2317 1384 2366 ct

338 2398 357 2421 “
377 2394 494 2450 honoris
513 2396 580 2461 sibi,
595 2402 734 2466 tanquam
753 2396 830 2466 Regi
849 2396 896 2450 vel
915 2397 1101 2468 Imperatori,
1116 2414 1268 2468 quousque
1287 2395 1383 2451 dictus

334 2481 352 2505 “
372 2479 540 2534 Ludovicus
562 2480 810 2535 reconciliationis
829 2479 962 2550 ejusdcm
981 2481 1122 2535 Ecclesiae
1141 2481 1298 2535 meruisset
1316 2497 1383 2550 gra·

333 2566 351 2589 “
372 2564 444 2617 tiam
471 2564 612 2628 obtinere,
644 2565 760 2635 penitus
788 2570 817 2618 te
844 2565 994 2619 retrahere
1021 2570 1052 2619 et
1076 2565 1206 2619 totaliter
1239 2564 1383 2619 abstinero

333 2650 351 2673 “
372 2664 500 2712 curares,
530 2654 563 2702 ut
597 2648 652 2702 tibi
685 2648 770 2703 lamae
805 2648 962 2718 integritas
989 2655 1020 2703 et
1049 2648 1162 2704 illibata
1191 2648 1235 2704 tui
1266 2647 1383 2718 generis

333 2732 490 2786 “claritas
529 2737 727 2787 servarentur.
785 2732 860 2787 Cum
893 2738 991 2787 autem
1018 2751 1120 2788 rumor
1150 2731 1324 2804 implacidus
1355 2737 1385 2786 et

332 2815 530 2870 “admodum
562 2817 686 2870 infestus
723 2815 761 2871 ad
785 2835 839 2870 nos
872 2817 1043 2887 perduxerit
1073 2818 1130 2871 hiis
1165 2817 1278 2880 dicbus,
1307 2816 1384 2887 ‹piod

334 2902 352 2925 ¹‘
372 2907 415 2963 tu,
442 2900 494 2964 tili,
520 2899 764 2970 requisitionibus
790 2906 820 2955 et
844 2901 1046 2970 rogationibus
1069 2900 1178 2956 nostris
1204 2900 1382 2971 hujusmodi,

334 2987 352 3009 “
373 2983 477 3054 utiquo
502 2983 680 3039 salutaribus
707 2989 737 3039 et
761 2984 796 3038 do
821 2984 900 3039 fonto
924 2985 1135 3055 prodeuntibus
1159 2985 1300 3047 caritatis
1328 3002 1385 3037 nou

334 3070 352 3093 ‘¹
373 3067 437 3122 sino
455 3067 631 3123 detrimento
656 3075 714 3123 tuoe
740 3068 843 3123 salutis
863 3075 893 3122 ct
915 3069 1011 3127 samue.
1032 3069 1111 3140 quod
1134 3069 1264 3123 dolentes
1282 3068 1383 3121 referi-

334 3155 353 3179 “
374 3169 450 3215 mus,
476 3152 632 3216 obauditis,
652 3171 709 3207 non
727 3153 823 3208 solum
842 3170 907 3207 curn
927 3152 1065 3224 praedicto
1077 3152 1235 3217 ludovice,
1255 3151 1384 3206 nondum

334 3240 352 3261 “
373 3235 470 3290 eidem
500 3236 688 3291 reconciliato
724 3237 874 3301 Ecclesiae,
906 3255 960 3292 nee
990 3255 1008 3292 a
1037 3238 1131 3308 pennis
1161 3243 1192 3291 et
1222 3236 1383 3297 sententiis,

333 3322 352 3348 “
372 3320 489 3389 quibus,
506 3327 626 3391 propter
641 3321 793 3390 premissa
811 3329 842 3376 et
859 3320 917 3376 alia
928 3321 1023 3375 multo
1034 3321 1136 3391 gravia
1150 3318 1315 3383 commissa,
1332 3336 1385 3390 per

335 3407 353 3430 “
374 3403 473 3474 ipsum
502 3404 747 3473 predecessorem
782 3411 915 3459 nostrum
951 3404 1118 3475 implicatus
1148 3422 1213 3459 esse
1243 3402 1384 3467 noscitur,

335 3490 354 3513 “
375 3487 515 3551 liberato3
536 3506 588 3542 nec
606 3488 693 3542 ctiam
711 3487 913 3558 ³proeessibus
933 3488 1064 3558 saepefati
1082 3487 1314 3558 predecessoris,
1334 3505 1387 3559 per

338 3574 356 3597 '⁶
378 3587 461 3641 quos,
481 3578 515 3626 ut
533 3572 732 3641 praemittitur,
756 3562 896 3626 adversus
916 3589 1015 3626 omnes
1034 3578 1064 3627 et
1082 3572 1214 3642 singulos
1232 3572 1387 3643 cujuscun-

336 3658 354 3681 “
376 3672 434 3725 que
453 3656 689 3726 praeeminentiae,
710 3656 873 3725 diguitatis,
892 3655 1075 3719 conditionis,
1089 3655 1137 3711 uel
1153 3662 1256 3720 status,
1271 3655 1386 3711 etiamsi

336 3742 355 3765 ‘⁶
376 3739 545 3809 pontificali,
582 3741 687 3809 regali,
719 3740 768 3795 rel
799 3758 974 3810 quincunque
1007 3739 1067 3793 alia
1102 3740 1302 3795 ecclesiastica
1334 3758 1387 3795 seu

337 3827 355 3850 “
376 3824 522 3879 mundana
542 3823 686 3893 dignitate
714 3824 873 3896 fulgerent,
896 3825 1017 3895 praefato
1038 3824 1187 3880 Ludovico
1205 3825 1387 3880 adherentes

337 3912 355 3935 ‘⁶
377 3924 431 3961 sou
457 3914 627 3979 prestantes
655 3908 765 3963 directe
791 3909 839 3963 vel
866 3908 1018 3972 indirecte,
1046 3908 1164 3979 publice
1188 3909 1237 3963 vel
1264 3909 1386 3973 occulte,

338 3995 357 4018 ‘⁶
377 3992 541 4056 consilium,
561 3992 712 4056 auxilium,
730 3992 777 4047 rel
797 3994 935 4055 savorem,
956 3992 1004 4047 rel
1023 3991 1088 4053 sibi,
1101 3998 1241 4063 tanquam
1260 3993 1389 4064 Impera-

338 4079 358 4102 ⁸‘
378 4076 435 4130 tori
466 4083 517 4130 aut
549 4076 626 4147 Regi
663 4077 869 4140 Romanorum,
903 4076 1097 4130 reverentiam
1126 4076 1304 4142 exhibentes,
1336 4094 1388 4131 seu

338 4162 357 4185 ¹⁴
378 4159 498 4214 titulum
517 4160 626 4229 regalis
641 4159 688 4215 vel
707 4160 867 4231 imperialis
885 4160 1011 4214 neminis
1029 4160 1211 4231 assignantes
1231 4178 1281 4215 seu
1299 4160 1389 4213 aseri-

339 4246 357 4269 “
379 4242 489 4307 bentes,
515 4261 621 4313 graves
641 4243 809 4315 spirituales
828 4262 862 4297 ao
881 4244 1055 4315 temporales
1074 4262 1167 4316 prenae
1185 4262 1219 4299 ac
1238 4243 1388 4298 sententiar

339 4331 358 4353 “
379 4327 562 4397 infliguntur,
594 4346 778 4399 nequaquam
814 4329 961 4392 relaxatis,
993 4329 1082 4383 immo
1112 4329 1157 4384 sui
1188 4328 1300 4383 roboris
1331 4326 1389 4381 ciii·

340 4414 358 4437 “
379 4412 460 4465 cacia
487 4412 723 4483 perdurantibus,
751 4414 999 4484 participationes,
1028 4414 1287 4468 corrioedcrationes
1313 4410 1388 4464 inire

340 4499 359 4520 ‘⁶
380 4495 495 4566 sibique
514 4496 673 4561 adhaerere,
694 4516 727 4552 ac
746 4504 885 4568 praestare
911 4498 1050 4562 savorem,
1078 4497 1228 4559 auxilium,
1249 4502 1278 4551 et
1296 4495 1389 4549 consi·

341 4580 360 4604 “
381 4578 464 4643 lium,
483 4582 713 4651 praesumpsisth
733 4582 832 4646 immo,
850 4582 927 4651 quod
940 4582 1142 4652 perniciosius,
1156 4582 1227 4652 prob
1241 4580 1340 4635 dolor!
1360 4585 1390 4633 ct

340 4665 359 4688 “
381 4662 575 4719 clamitabilius
604 4667 732 4721 nescitur
757 4668 890 4730 existere,
912 4667 937 4720 si
956 4666 1064 4721 veritas
1088 4666 1230 4720 relatibus
1250 4665 1390 4735 sulliage·

343 4844 534 4854 ——.-—--..
548 4850 554 4854 .
574 4850 579 4854 .
620 4849 626 4853 -
647 4849 716 4855 ....--.
730 4849 746 4855 ι..
786 4850 789 4855 .
883 4848 897 4855 ιι
921 4850 923 4854 .
946 4846 1137 4853 ·—----.-·.-
1162 4845 1248 4853 .--—----
1269 4846 1310 4853 ω..
1320 4847 1375 4853 ----.

375 4970 381 4998 ¹
396 4969 555 5036 implicarent,
569 4970 641 5021 llarl.
650 4976 706 5023 055.
923 4972 932 5000 ³
941 4985 1076 5035 prienaeus,
1087 4970 1160 5022 llari.
1170 4974 1225 5021 655.

373 5050 384 5078 ²
392 5051 567 5113 periclitatibus,
580 5050 652 5100 llurl.
665 5055 721 5100 655.

1194 5146 1260 5205 02
