3750 6250
654 1101 816 1153 msroam
838 1100 1047 1153 menceus.
1305 1088 1367 1151 301

199 1295 298 1347 §.Bisa
328 1289 404 1344 Duci
427 1289 616 1360 Burgundiaa,
642 1290 710 1362 ¹qui
732 1291 877 1361 quondam
899 1290 977 1362 patri
1008 1308 1060 1345 suo
1083 1289 1115 1344 in
1137 1288 1246 1360 Anglia
1277 1288 1372 1342 fuerat
1384 1289 1452 1341 M).
1466 1294 1538 1341 1364.

199 1377 221 1440 ἕ·
236 1367 268 1413 ¹³
328 1374 523 1445 concaptivus.

199 1443 240 1545 ᾗ·
364 1456 425 1512 Sub
454 1457 555 1513 eodem
573 1464 713 1529 tempore,
745 1458 776 1512 in
798 1457 892 1529 planis
922 1458 1075 1529 Turlreyae,
1110 1456 1141 1511 in
1164 1457 1212 1511 die
1236 1455 1373 1512 Omnium
1386 1455 1518 1508 Greetde·

199 1560 314 1623 umal,
328 1539 509 1606 Sanctorum,
532 1543 720 1597 commissum
738 1548 783 1597 est
800 1542 910 1596 bellum
933 1542 1149 1597 atrocissimum
1160 1541 1237 1596 inter
1250 1540 1372 1596 Christi·
1385 1522 1522 1603 f⁰⁸t⁰fss¹f³

211 1634 303 1691 200,l.
327 1624 406 1679 colas
428 1631 458 1679 et
480 1626 632 1696 Pagan0s3
653 1626 703 1680 ubi
728 1625 899 1690 Christiani,
919 1627 1054 1696 quamvis
1075 1625 1162 1696 gravi
1179 1625 1283 1680 damno
1308 1643 1371 1689 suo,
1385 1590 1528 1719 532?

327 1708 409 1763 fuere
449 1709 584 1765 victores.
640 1709 779 1765 Attamen
809 1710 845 1764 de
885 1709 1062 1765 Christianis
1099 1709 1208 1764 ibidem
1243 1708 1374 1763 cecidere

326 1790 490 1864 'principes
513 1792 563 1848 ³J.
588 1793 652 1847 Rex
678 1793 853 1864 Hungariae,
880 1792 1030 1848 Siwardus
1061 1793 1123 1847 Rex
1154 1792 1319 1863 Gorgoniae,
1340 1798 1372 1847 et

326 1875 474 1947 Magister
498 1877 665 1948 Hospitalis
689 1877 798 1932 Insulae
817 1877 871 1931 ⁴de
892 1876 1017 1941 Roodes,
1037 1883 1067 1931 et
1085 1876 1243 1932 Christiani
1266 1875 1305 1930 ad
1321 1894 1373 1930 nn·

326 1977 440 2014 merum
464 1961 592 2031 quinque
613 1961 740 2016 millium
763 1959 956 2017 ducentorum
982 1966 1013 2016 et
1029 1959 1139 2016 decem.
1175 1959 1220 2015 De
1244 1959 1372 2029 Paganis

326 2044 417 2098 missa
433 2051 502 2099 sunt
518 2044 557 2099 ad
573 2045 696 2100 Tartara
707 2045 839 2099 virorum
851 2044 1046 2116 quadraginta
1057 2044 1152 2098 millia
1168 2043 1371 2109 robustorum

328 2148 394 2201 qum
428 2138 579 2203 perempta
609 2137 679 2187 sunt
701 2131 819 2196 ibidem,
847 2149 915 2187 cum
938 2131 1006 2187 aliis
1028 2131 1217 2203 popularibus
1247 2148 1372 2202 quorum

326 2231 464 2269 numerus
487 2232 544 2269 non
561 2215 658 2285 potuit
679 2215 894 2285 comprehendi.
938 2215 979 2269 Et
995 2215 1115 2270 fuerunt
1137 2214 1286 2286 principes
1316 2214 1370 2269 Pa·

326 2315 477 2367 generum,
498 2298 641 2354 Saldanus
661 2299 830 2363 Babiloniae,
851 2298 1067 2370 Rex-Tarkyae,
1087 2299 1150 2354 Rex
1167 2299 1290 2363 Baldok,
1309 2298 1372 2353 Rex

327 2381 520 2445 Belmarinus,
541 2382 604 2437 Rex
627 2383 823 2447 Tartaromm,
845 2388 876 2437 et
898 2382 963 2437 Rex
980 2383 1016 2437 de
1040 2382 1185 2449 Lettowe;
1205 2400 1241 2437 ex
1265 2383 1372 2454 quibus

327 2470 388 2521 tres
410 2465 557 2522 interfecti
588 2467 716 2531 fuerunt,
748 2478 782 2521 ut
804 2466 847 2521 hii
872 2467 923 2536 qui
951 2467 1144 2522 interfuerant
1167 2466 1245 2522 dieto
1267 2466 1372 2538 proelio

327 2549 501 2605 referebant.

361 2632 446 2687 Anno
475 2634 579 2704 gratim
603 2633 760 2689 millasimo
792 2634 997 2690 trecentesimo
1031 2633 1230 2706 ⁵sexagesimo
1260 2634 1370 2705 quinto,
1385 2634 1454 2686 AD.
1468 2638 1540 2687 1365.

328 2717 379 2787 qui
410 2725 456 2772 est
479 2735 571 2772 annus
601 2718 685 2787 regni
717 2717 808 2788 Regis
840 2718 988 2781 Edwardi,
1020 2736 1039 2773 a
1062 2718 1239 2790 conquestu
1270 2720 1371 2784 Tertii,
1385 2714 1539 2793 Awanm

199 2810 298 2877 mm
327 2801 492 2856 tricesimus
526 2818 629 2865 nonus,
667 2806 753 2855 natus
789 2806 835 2856 est
864 2801 1016 2865 Eduardo,
1047 2802 1172 2873 principi
1196 2802 1311 2857 Walliae
1343 2780 1559 2897 θπῗῗᾟὲἕηῗω

199 2907 222 2955 g.
237 2896 267 2942 la
327 2883 523 2955 Aquitenniae,
549 2885 626 2956 apud
650 2885 866 2955 Angolismum,
891 2890 921 2940 et
944 2891 1064 2940 vocatus
1083 2892 1128 2941 est
1151 2885 1230 2941 filius
1254 2885 1371 2941 nomine
1385 2863 1443 2962 2110
1452 2862 1540 2963 (15th

200 2960 240 3041 ,5¹-
327 2968 419 3039 patris
443 2969 490 3023 sui
511 2968 730 3023 “Edwardus.’'
773 2968 832 3023 Hic
850 2986 925 3023 anno
943 2969 1038 3023 aetatis
1057 2987 1118 3023 suae
1144 2970 1267 3040 septimo
1295 2969 1372 3024 diem
1385 2981 1498 3044 nearly

199 3042 217 3074 ’·
228 3024 314 3105 clm·
327 3051 433 3106 clausit
444 3059 614 3117 extremum,
627 3069 685 3106 non
696 3057 794 3106 tamen
805 3058 989 3123 praemature,
1003 3059 1038 3106 ut
1048 3052 1167 3125 plurimi
1177 3053 1354 3107 asserebant.
1386 3061 1441 3111 ³80·

200 3106 262 3208 ζει
363 3134 492 3191 ‘Eodem
515 3154 599 3200 anuo,
626 3136 812 3206 Ingelramus
837 3136 980 3190 Dominus
1004 3136 1041 3190 de
1059 3136 1158 3206 Goucy
1182 3138 1260 3207 apud
1283 3137 1372 3206 Wyn·
1386 3141 1538 3194 Mfflsoos

199 3225 312 3290 uimuth,
325 3217 505 3274 deleshoram
518 3219 704 3290 desponsavit
720 3219 886 3284 Isabellam,
906 3219 996 3274 filiam
1015 3219 1106 3290 Regis
1124 3220 1259 3275 Edwardi
1271 3221 1372 3285 Tertii,
1386 3192 1540 3288 iissbepfflm

199 3299 253 3346 ²⁰¹·
327 3323 396 3361 cum
416 3325 525 3378 magna
546 3307 739 3363 solemnitate.

199 3402 298 3455 infla,
360 3389 443 3446 ²Hoc
462 3392 551 3446 etiam
574 3408 649 3445 auno
675 3391 739 3446 Rex
762 3391 879 3463 Cyprias
902 3391 980 3462 cepit
1000 3390 1206 3446 Alexandriam
1224 3391 1371 3463 Magnam,
1388 3391 1536 3457 Captureof

199 3485 224 3547 ς.
239 3474 270 3520 1³
327 3491 392 3543 quae
417 3473 508 3530 clavis
539 3481 584 3529 est
605 3475 739 3546 AEgypti,
768 3475 936 3547 ⁸perempta
962 3475 1025 3530 illic
1054 3493 1111 3530 non
1137 3476 1252 3530 modica
1274 3476 1373 3531 multi·
1386 3460 1503 3538 ΝΜ·

203 3551 241 3587 ¹¹·
327 3557 427 3613 tudine
469 3558 664 3628 Paganorum.
720 3560 873 3631 Principes
914 3560 1008 3630 igitur
1049 3559 1263 3630 praedictorum,
1306 3528 1450 3616 cumdm‘

328 3639 462 3706 Soldano,
490 3642 565 3697 illud
585 3643 695 3698 factum
718 3642 837 3714 indigne
855 3645 991 3708 ferentes,
1011 3643 1194 3700 'innumeros
1215 3644 1375 3700 adunantes

328 3723 463 3780 Sathena
484 3726 635 3792 satellites,
649 3732 793 3782 venerunt
810 3733 911 3782 eontra
932 3745 1008 3782 eum.
1045 3727 1175 3796 Quorum
1190 3728 1375 3784 multitudini

327 3807 390 3863 Rex
413 3816 444 3865 et
465 3810 513 3865 sui
537 3828 568 3865 se
592 3818 742 3866 cernentes
763 3812 879 3866 omnino
901 3812 1038 3882 impares,
1064 3829 1132 3867 cum
1155 3830 1212 3867 non
1235 3812 1375 3868 habereut

327 3893 484 3948 exercitum
516 3895 565 3965 qui
595 3895 743 3950 custodire
769 3901 867 3966 posset
890 3896 1009 3951 tertiam
1032 3901 1145 3967 partem
1164 3897 1303 3962 civitatis,
1328 3897 1375 3951 usi
1388 3901 1449 3950 Part
1459 3901 1489 3950 of
1497 3900 1540 3950 the

327 3978 447 4033 oonsilio
465 3980 599 4050 sapienti,
619 3979 779 4051 depraedati
797 3987 867 4036 sunt
884 3981 968 4036 illam
986 3988 1100 4053 partem
1121 4000 1210 4053 quam
1228 3989 1373 4054 ceperant,
1387 3967 1440 4031 ⁰5²y
1449 3968 1522 4030 th‘

327 4063 490 4118 auferentes
500 4064 594 4135 spolia
602 4072 633 4119 et
644 4064 763 4119 divitias
776 4082 841 4135 quae
854 4065 1015 4135 quemlibet
1027 4072 1194 4122 exsaturare
1203 4068 1372 4122 valuissent.
1405 4049 1446 4082 ⁰¹⁰
1464 4072 1470 4083 '

326 4145 440 4219 Nempe
451 4165 509 4202 non
520 4154 660 4220 ceperunt
671 4148 729 4203 nisi
740 4166 829 4203 unam
839 4155 953 4220 partem
964 4149 1056 4216 urbis,
1070 4167 1106 4204 ex
1117 4169 1176 4206 una
1185 4157 1269 4222 parte
1281 4149 1373 4213 fluvii,

327 4230 397 4300 quia
425 4230 577 4286 brachium
601 4231 746 4302 quoddam
770 4231 943 4287 ¹⁰marinum
966 4234 1069 4288 urbem
1093 4241 1181 4290 secat.
1219 4234 1374 4304 Reliquam

360 4412 440 4461 'This
461 4427 566 4478 passage
585 4411 608 4463 is
629 4411 724 4463 notin
753 4413 828 4464 cont
907 4413 1062 4465 'Conected
1083 4421 1110 4465 to
1125 4419 1212 4463 “anno
1231 4414 1290 4474 36,''
1310 4414 1337 4463 in
1359 4430 1376 4464 a

328 4490 480 4542 Murimuth.
873 4493 1011 4543 aomewhat
1027 4495 1090 4544 later
1109 4493 1184 4553 haud,
1196 4493 1223 4542 in
1240 4493 1297 4544 MS.
1305 4493 1374 4545 Bibl.

361 4573 535 4638 ’principiibu
545 4573 573 4623 in
585 4574 628 4623 the
635 4572 735 4638 printed
746 4578 821 4624 tenu.
873 4571 938 4636 Reg.
954 4578 984 4622 1³
996 4573 1026 4621 Io.
1039 4573 1075 4622 ix.

360 4651 458 4701 ’ἱοιιῐε
469 4668 520 4703 was
532 4654 575 4703 the
585 4668 660 4703 name
670 4652 701 4703 of
714 4651 756 4701 the
767 4651 828 4702 then
906 4653 915 4678 ¹
927 4650 992 4700 This
1002 4650 1128 4702 narrative
1140 4650 1162 4699 ia
1179 4651 1276 4719 greatly
1286 4652 1375 4702 abbre-

326 4730 616 4797 Kingoflfungarybut
623 4733 655 4783 he
662 4731 720 4781 died
727 4731 828 4781 inlata.
872 4728 958 4779 riated
968 4729 996 4778 in
1007 4730 1050 4780 the
1062 4729 1245 4782 Continuation
1255 4731 1286 4783 of
1293 4732 1375 4783 Muri·

360 4810 756 4877 ιεεΙίοοάωἰιῑοῐίμοοιτοοῑεά
764 4810 828 4859 bom
872 4807 953 4869 math,
964 4824 988 4872 p.
1001 4813 1058 4860 201.

328 4890 372 4940 the
382 4890 484 4954 printed
495 4899 570 4942 texts.
876 4953 880 4963 .
905 4887 1157 4957 'perempainoria

359 4970 574 5037 'qaiaqucqeeimc
598 4970 626 5020 in
654 4970 698 5021 the
728 4968 827 5034 printed
906 4967 1100 5019 'harmain
1112 4968 1179 5036 orig.

327 5057 401 5100 texts.
907 5049 927 5078 ¹⁰
936 5047 1147 5101 mriaoainthe
1157 5047 1257 5114 printed
1267 5055 1343 5103 texts.
