3750 6250
487 1101 531 1165 90
812 1109 943 1162 moun
965 1108 1199 1165 assemanus

318 1300 680 1365 hn.1³01“Maloolino
698 1300 780 1373 Rege
798 1300 1071 1373 Scotiar,tanquam
1089 1319 1108 1357 a
1125 1318 1178 1357 suo
1195 1300 1312 1356 homine
1331 1300 1388 1355 sibi
1406 1300 1532 1367 subdito,
1544 1303 1584 1357 Bb

486 1386 636 1458 “recepit
663 1386 842 1456 homagium.
889 1385 975 1451 Item,
1008 1385 1156 1441 Willelmo
1188 1385 1275 1450 Rufo,
1304 1385 1379 1458 Regi
1404 1371 1584 1457 angliam
1524 1427 1584 1501 ,Re

484 1472 503 1498 “
522 1469 705 1534 Maleolinus‚
737 1470 799 1524 Rex
832 1470 993 1534 Scotorum,
1018 1471 1184 1540 juramento
1209 1469 1358 1525 fidelitatis
1384 1470 1584 1556 subjectusss

484 1556 503 1581 “
522 1554 587 1610 fuit.
643 1555 727 1619 Item,
756 1554 912 1627 praediotus
942 1555 1108 1610 Willelmus
1139 1554 1345 1610 Duniwaldum
1375 1553 1412 1609 dc
1441 1571 1584 1627 regnan,

483 1642 502 1666 ‘⁴
523 1638 628 1694 Scotim
646 1639 785 1710 exjustis
803 1640 899 1694 causis
923 1640 1042 1703 amovit,
1071 1646 1101 1695 et
1128 1639 1309 1704 Dnncanum,
1336 1639 1430 1694 filium
1457 1638 1531 1695 Mal·
1542 1638 1584 1704 By

483 1726 502 1749 ‘⁴
521 1723 618 1787 ooliui,
632 1740 722 1794 regno
736 1722 842 1778 Scotim
855 1723 1004 1793 prmfacit3
1026 1729 1056 1778 et
1073 1725 1186 1795 recepit
1203 1723 1239 1779 ab
1259 1740 1293 1779 eo
1311 1722 1484 1779 fidelitatem
1501 1731 1532 1781 et

484 1811 503 1835 ¹⁸
519 1807 725 1878 juramentum.
762 1807 907 1878 Dictoque
925 1807 1065 1863 Dunoano
1076 1807 1175 1863 dolose
1187 1814 1346 1880 perempto,
1360 1808 1457 1865 dictus
1469 1808 1531 1865 Rex

484 1895 502 1918 “
522 1892 676 1962 prefatum
703 1891 934 1957 'Doneualdum
968 1892 1018 1963 qui
1049 1894 1158 1948 iterum
1186 1910 1312 1964 regumn
1352 1893 1461 1949 Scotim
1486 1893 1530 1949 in·

483 1980 502 2003 ‘⁴
521 1984 647 2041 vaserat,
661 1978 771 2032 amovit
782 1977 819 2032 ub
831 1978 943 2042 eodem,
957 1985 987 2034 et
998 1977 1159 2049 Edgarum,
1180 1978 1274 2033 filium
1287 1977 1357 2034 dicti
1370 1977 1529 2044 Malcolini,

483 2064 502 2087 “
521 2061 634 2133 Regem
661 2062 765 2117 Scotiae
790 2063 951 2126 constituit,
981 2067 1011 2117 et
1036 2062 1132 2118 eidem
1155 2079 1280 2133 regnum
1303 2061 1379 2117 illud
1403 2062 1528 2118 donarit.

483 2149 502 2171 ‘⁶
522 2146 577 2201 Cui
611 2146 751 2202 successit
779 2144 971 2210 ‘Alexanden
999 2146 1089 2202 frater
1116 2146 1237 2217 Rdgari,
1270 2164 1413 2202 consensu
1440 2146 1531 2218 Regis

483 2232 502 2255 “
521 2230 638 2301 Angliar
667 2230 789 2285 Henriei
822 2231 924 2293 Primi,
945 2230 1044 2285 fratris
1070 2230 1141 2286 dicti
1167 2231 1258 2301 Regis
1285 2230 1428 2286 willelmi
1453 2230 1528 2286 Rufi.

483 2317 502 2340 '‘
522 2313 607 2378 Item,
635 2314 752 2369 Matildi
780 2314 974 2385 Imperatrici,
1010 2314 1078 2368 filias
1105 2320 1134 2369 et
1151 2314 1262 2369 haeredi
1286 2314 1378 2385 Regis
1399 2314 1531 2387 praedicti

483 2400 501 2424 ‘⁶
521 2398 654 2462 Hemici,
674 2397 779 2462 David,
800 2399 862 2452 Rex
882 2399 998 2463 Scotim,
1019 2398 1089 2456 fecit
1113 2398 1283 2469 homagium
1302 2405 1332 2454 et
1349 2399 1529 2455 fidelitatem.

483 2485 502 2508 “
522 2482 608 2547 Item,
629 2483 705 2554 Regi
723 2481 850 2554 Anglite,
872 2483 1028 2554 Stephano,
1048 2483 1205 2548 Henricus,
1234 2484 1312 2538 filius
1340 2482 1412 2540 dicti
1439 2483 1529 2556 Regis

483 2569 502 2592 ‘⁶
522 2565 627 2630 David,
659 2566 829 2637 homagium
854 2567 931 2622 fecit
976 2567 1063 2630 Item,
1093 2566 1155 2622 Rex
1181 2567 1334 2623 Scotorum
1352 2567 1528 2632 Willelmus,

483 2653 502 2675 ‘⁶
521 2667 574 2720 pro
603 2667 695 2722 regno
726 2650 839 2714 Scotiae,
871 2658 902 2705 et
931 2650 1027 2706 David
1057 2652 1148 2707 frater
1177 2652 1251 2723 ejus,
1283 2658 1313 2707 et
1343 2651 1471 2708 Comites
1501 2656 1531 2707 et

484 2737 503 2761 ¹⁴
522 2734 651 2790 Barones
669 2736 752 2807 regni
773 2736 887 2800 Scotiro,
916 2736 1095 2791 devenerunt
1118 2735 1250 2790 homines
1278 2735 1369 2806 Regis
1397 2736 1529 2801 Henrici,

483 2822 503 2845 “
522 2817 576 2873 filii
602 2819 693 2891 Regis
711 2819 829 2891 Anglim
848 2820 970 2875 Hauriei
990 2820 1125 2885 Secundi,
1145 2821 1176 2874 in
1194 2820 1320 2876 crastino
1338 2820 1530 2877 coronationis

483 2907 503 2930 ‘⁴
521 2902 654 2974 praedicti
680 2903 811 2969 Hemiei,
838 2905 891 2959 fllii
917 2905 1039 2960 Homini
1067 2904 1202 2969 Secundi,
1229 2911 1311 2977 patro
1338 2905 1474 2972 vivente3
1502 2910 1531 2961 et

483 2991 502 3015 ⁴‘
522 2987 691 3043 fidelitatem
716 2989 744 3043 ei
765 2988 941 3059 juraverunt
967 2996 1067 3045 contra
1085 3006 1183 3043 omnes
1201 2988 1342 3053 homines,
1363 2989 1445 3045 salva
1462 2989 1530 3045 fida·

483 3072 605 3128 “litate
641 3072 739 3129 debita
777 3073 853 3145 patri
892 3074 1013 3130 virenti.
1063 3072 1148 3129 Anno
1177 3090 1247 3129 vero
1277 3073 1417 3131 vicesimo
1446 3074 1530 3148 regni

484 3156 614 3229 “Regis
655 3158 778 3214 Hemici
814 3159 947 3231 praedicti
985 3158 1121 3223 Secundi,
1160 3157 1317 3231 praedictus
1353 3159 1529 3225 Willelmus,

483 3242 584 3297 “Rex
615 3241 729 3307 Scotim,
760 3243 903 3298 rebellare
934 3241 1084 3313 incipiens,
1116 3243 1198 3298 venit
1232 3244 1262 3297 in
1290 3242 1531 3300 Nerthumbriam

483 3329 502 3353 ‘⁶
522 3344 589 3381 oum
614 3328 743 3383 exercitu
768 3346 883 3398 magno,
911 3332 942 3382 et
968 3328 1098 3382 exercuit
1122 3327 1153 3381 in
1178 3325 1285 3398 populo
1303 3333 1432 3399 stragem
1450 3346 1530 3400 mug-

484 3413 502 3436 “
522 3429 598 3465 nam.
648 3412 704 3467 cui
724 3418 908 3467 occurrentes
927 3410 1037 3467 milites
1057 3411 1218 3467 Comitatus
1237 3411 1428 3468 Eboracensis
1454 3412 1531 3485 apud

484 3498 502 3519 “
521 3495 664 3558 Alnewilr,
694 3497 792 3567 ipsum
810 3503 959 3567 ceperunt,
989 3502 1019 3550 et
1044 3496 1120 3550 dicto
1150 3496 1288 3558 Henrico,
1310 3496 1385 3568 Regi
1403 3497 1528 3568 Anglim,

483 3579 719 3634 “reddiderunt
749 3579 833 3634 Amic
864 3581 1008 3649 sequenti,
1030 3581 1244 3650 quintodecimo
1274 3580 1422 3636 Kalendas
1447 3580 1528 3645 Maii,

483 3666 502 3687 ‘⁸
522 3661 600 3716 idem
630 3663 692 3716 Rex
716 3664 882 3718 Willelmus
911 3664 1072 3735 permissus
1103 3672 1148 3719 est
1180 3665 1271 3718 libere
1304 3665 1393 3719 ubire.
1426 3665 1531 3721 Postea

484 3749 502 3771 ‘⁴
521 3764 590 3800 vero
609 3748 685 3818 apud
709 3748 880 3811 Eboracum,
901 3767 975 3803 anno
993 3749 1103 3813 eodem,
1124 3749 1359 3819 septimodecimo
1383 3749 1530 3805 Kalendas

483 3833 502 3856 ·‘
523 3830 710 3900 Septembris,
737 3831 816 3885 idem
841 3832 1016 3897 willelmus,
1046 3833 1108 3887 Rex
1137 3833 1297 3897 Scotorum,
1329 3832 1365 3888 de
1389 3852 1529 3890 consensu

482 3920 500 3940 ⁶·
521 3914 721 3980 Praelutorum‚
736 3915 891 3979 Comitum,
912 3923 943 3971 et
960 3917 1116 3981 Beronum,
1137 3923 1166 3972 et
1183 3936 1345 3989 procerum,
1360 3925 1390 3973 et
1407 3919 1530 3975 aliorum

483 4003 501 4025 “
520 4007 688 4069 magnatum
708 4001 792 4071 regni
818 4001 1139 4065 Scotiee,domi110suo
1163 4002 1238 4072 Regi
1256 4002 1382 4073 Anglim,
1402 4003 1531 4059 Henrioo

483 4089 501 4111 ‘⁶
520 4083 581 4138 filio
599 4084 730 4138 Matildis
756 4085 966 4155 Imperatrieis,
995 4087 1055 4140 suis
1084 4086 1191 4141 litteris
1216 4087 1390 4158 patentibus,
1418 4089 1530 4145 cavisse

482 4175 500 4196 “
520 4171 650 4225 noscitur
615 4170 793 4240 ur,'quod
785 4188 856 4242 ipse,
884 4177 914 4226 et
931 4171 1062 4225 haeredes
1088 4179 1118 4226 ot
1143 4189 1322 4227 successores
1349 4173 1404 4236 sui,
1433 4173 1529 4245 Rogas

481 4259 500 4280 '⁶
521 4256 634 4320 Scotum
655 4254 801 4326 Episcopi,
821 4253 916 4310 Abbat
904 4261 958 4319 t,es
985 4256 1111 4320 Priores,
1138 4256 1274 4320 Comites,
1295 4263 1325 4311 et
1342 4257 1481 4323 Barones,
1501 4264 1531 4313 et

482 4344 500 4367 ‘⁶
520 4341 570 4395 alii
591 4340 723 4396 homines
736 4339 821 4411 regni
844 4339 958 4404 Scotim,
973 4340 1127 4411 dequibus
1146 4340 1287 4395 Dominus
1307 4340 1369 4395 Rex
1381 4342 1528 4398 Henricus

482 4429 500 4451 “
520 4423 626 4480 habero
650 4426 786 4489 voluerit,
808 4425 915 4479 sacient
939 4424 1063 4479 Domino
1097 4425 1172 4496 Regi
1200 4424 1316 4496 Angliso
1348 4426 1526 4498 homagium,

482 4513 501 4535 ‘⁶
521 4509 700 4575 fidelitatem,
729 4517 759 4565 et
784 4509 996 4581 ligiameutum,
1018 4518 1047 4564 et
1065 4516 1098 4564 ut
1116 4510 1188 4580 ligio
1207 4510 1322 4565 domiuo
1350 4529 1408 4580 suo,
1429 4520 1529 4567 contra

482 4597 501 4620 ‘⁶
521 4612 634 4650 omnem
647 4596 791 4650 hominem
805 4593 947 4648 obedient.
986 4595 1025 4648 Et
1037 4595 1066 4648 iu
1080 4595 1196 4664 siguum
1215 4595 1413 4666 subjectionis,
1434 4595 1527 4668 capel-

483 4684 501 4705 ‘·
521 4679 583 4734 lum
596 4698 690 4746 suum,
705 4687 734 4736 et
745 4679 874 4745 ³sellam,
888 4687 975 4749 atque
987 4679 1127 4744 lanceam,
1148 4697 1235 4750 super
1248 4680 1338 4735 altare
1351 4680 1436 4735 Beati
1448 4679 1528 4736 Petri

524 4985 572 5036 'cle
587 4985 697 5036 inserted
712 4985 948 5049 byiuadrerteuee.
1059 4981 1167 5034 *cellam
1188 4980 1215 5034 in
1242 4983 1315 5049 orig,
1341 4984 1392 5034 and
1417 4981 1444 5032 in
1486 4983 1527 5035 the

517 5069 526 5097 ²
542 5064 691 5118 Alleoeaader
701 5064 728 5116 in
737 5064 800 5129 orig.
1027 5064 1126 5128 printed
1138 5071 1211 5114 texts.
