3750 6250
669 1088 833 1139 maroam
847 1089 1056 1140 anomcana
1329 1079 1392 1141 425

203 1285 231 1335 S.
242 1284 312 1337 Bibl.
343 1280 421 1336 inter
437 1296 537 1336 omnes
555 1278 696 1350 Anglicos
713 1278 925 1334 audacissimus
944 1283 975 1333 et
999 1279 1186 1344 fortissimus,
1207 1280 1308 1351 quiet
1330 1280 1393 1351 ipse
1405 1277 1474 1330 AD.
1489 1284 1561 1332 1379.

201 1366 238 1429 ²8·
253 1357 284 1403 ¹³
344 1364 502 1418 saltaverat
526 1364 558 1417 in
584 1379 711 1425 arenam,
735 1368 765 1417 et
783 1361 935 1416 ¹manibus
961 1362 1106 1432 quendam
1141 1363 1292 1435 scopulum
1320 1364 1393 1419 deti-

202 1459 203 1465 ,
216 1432 255 1470 11.

342 1454 455 1511 nuerat,
481 1447 627 1503 alluvione
653 1446 754 1510 maris,
780 1446 850 1500 dum
868 1445 981 1509 flueret,
1006 1446 1149 1502 violenter
1176 1447 1313 1502 avellitur
1336 1446 1393 1501 ²ab

342 1532 407 1602 ipsa
417 1538 509 1602 petra,
529 1537 559 1586 et
575 1530 693 1601 longius
712 1530 743 1583 in
761 1530 837 1583 mari
849 1530 1012 1601 projicitur,
1033 1537 1063 1586 et
1081 1531 1135 1585 hac
1152 1531 1287 1602 illacque,
1307 1531 1393 1586 modo
1405 1535 1512 1586 HisEs-

343 1616 474 1687 supinus,
494 1615 580 1669 modo
596 1615 763 1686 resupinus,
783 1613 922 1679 defertur,
943 1614 1033 1669 donec
1057 1632 1148 1679 mare,
1171 1616 1251 1669 fluxu
1270 1633 1337 1669 enm
1355 1616 1393 1669 ad
1404 1603 1495 1667 quim»
1506 1606 1557 1654 Μ

343 1698 476 1771 scopulos
512 1698 660 1763 illidendo,
698 1697 900 1769 confregisset.
955 1698 1041 1753 Alter
1076 1700 1214 1769 armiger,
1252 1700 1392 1754 vocabulo
1405 1669 1477 1786 ⁰3¹1?
1486 1686 1545 1787 ἴω

344 1787 364 1810 “
377 1781 529 1854 Denyok,”
554 1783 679 1837 similem
710 1782 797 1836 finem
826 1782 947 1837 sortitus
971 1787 1025 1837 est.
1073 1782 1283 1839 Nobilissimus
1306 1753 1539 1864 milssflhirthfex-

343 1867 484 1922 Dominus
514 1868 640 1923 Thomas
670 1867 821 1929 Banastrc,
853 1865 996 1921 Dominus
1026 1865 1065 1921 N.
1094 1867 1334 1938 Trumpingtone,
1363 1870 1520 1934 etperienee

344 1951 485 2006 Dominus
504 1952 629 2006 Thomas
654 1951 683 2005 le
702 1950 785 2016 Dale,
805 1950 876 2005 dum
895 1950 1003 2005 saltant
1020 1950 1057 2005 de
1074 1951 1152 2015 novi,
1179 1951 1249 2004 dum
1268 1951 1392 2023 quisque
1405 1936 1448 1986 ¹¹²⁰
1459 1936 1512 1988 like

342 2035 490 2090 contendit
514 2035 604 2089 alium
628 2034 772 2089 currendo
800 2033 975 2106 praecsderc,
998 2034 1122 2105 quilibet
1146 2035 1247 2090 existit
1271 2036 1392 2091 alterius
1405 2004 1463 2053 sm·

343 2120 566 2190 impedimento;
591 2119 669 2174 unde
693 2120 825 2192 contigit,
850 2125 885 2174 ut
914 2119 1006 2174 simili
1035 2137 1166 2184 ascensu,
1193 2121 1271 2175 sicut
1299 2120 1391 2192 prius,

343 2221 432 2269 mare,
452 2222 501 2259 eos
519 2210 550 2259 et
569 2203 668 2275 plures
689 2204 762 2259 alios
783 2204 909 2275 rapiens,
930 2221 1030 2259 secum
1048 2204 1178 2259 traheret
1194 2206 1226 2259 in
1244 2205 1391 2275 abyssum.

342 2288 433 2342 Pauci
463 2288 514 2357 qui
544 2293 701 2343 evaserunt
723 2293 754 2342 et
782 2288 814 2341 in
843 2287 970 2342 insulam
996 2288 1166 2357 attigerunt,
1197 2306 1306 2359 pannos
1336 2306 1394 2342 nen

342 2372 488 2435 habentos,
501 2371 571 2425 'ant
590 2372 615 2426 si
636 2371 768 2425 fortassis
786 2371 933 2427 habebant
951 2371 1079 2442 quidam,
1093 2377 1191 2426 tamen
1208 2373 1292 2442 aquis
1311 2378 1393 2427 erant

341 2456 429 2528 pleni,
443 2454 520 2509 unde
538 2454 756 2511 abundantioris
774 2455 896 2525 frigoris
915 2473 1005 2510 causa
1021 2456 1114 2519 suere,
1129 2472 1196 2509 cum
1215 2455 1316 2511 domos
1335 2474 1392 2511 non

341 2540 521 2594 invenissent
547 2539 666 2602 ibidem,
692 2539 803 2609 frigore
827 2539 1034 2594 moriebantur.
1086 2539 1193 2594 Oaeteri
1217 2539 1303 2594 modo
1327 2556 1522 2608 cur-‘rhem

339 2623 439 2687 rende,
465 2623 550 2677 modo
575 2621 721 2685 luctando,
742 2622 876 2694 ⁴quoquo
894 2629 980 2694 pacto
998 2623 1094 2693 frigus
1116 2622 1253 2678 deludere
1275 2629 1391 2679 conten-
1404 2627 1560 2677 arercseoed

340 2707 454 2770 dobant,
474 2705 614 2777 degentes
642 2706 731 2761 etiam
751 2705 861 2760 ibidem
879 2706 910 2760 in
932 2723 1040 2777 magna
1063 2706 1184 2761 miseria
1201 2725 1219 2761 a
1237 2707 1293 2771 die⁴
1308 2691 1494 2767 Jovisblthe

339 2807 433 2864 usqua
452 2789 490 2844 ad
506 2807 611 2844 nonam
635 2788 796 2843 Dominicis
820 2789 1034 2860 subsequentis,
1055 2807 1114 2860 qua
1128 2790 1209 2853 hora,
1229 2796 1296 2861 post
1312 2809 1392 2846 mare
1404 2757 1478 2808 Im

340 2874 482 2938 sedatum,
511 2872 731 2937 Hibernienses,
763 2874 892 2928 ascensis
921 2873 1077 2936 naviculis,
1105 2873 1142 2927 ad
1167 2874 1294 2929 insulam
1312 2876 1393 2931 navi·

339 2964 455 3029 garant,
470 2963 500 3011 st
516 2956 652 3011 reductos
671 2956 708 3011 ad
725 2961 835 3011 terram
853 2956 969 3011 exiliter
979 2957 1161 3021 refecerunt,
1182 2958 1297 3012 fuerant
1314 2959 1392 3013 enim

339 3059 413 3114 pene
430 3040 528 3095 inedia
540 3041 705 3096 exanimati.

375 3123 509 3180 Perdidit
538 3125 569 3179 in
598 3125 677 3180 dicta
702 3123 832 3196 procella
855 3125 999 3180 Dominus
1028 3122 1177 3180 lohannes
1206 3127 1391 3197 supradictus

339 3228 396 3265 non
422 3209 517 3264 solum
535 3211 636 3272 vitam,
667 3210 718 3263 sed
744 3227 858 3264 omnam
879 3209 1092 3280 supellectilem
1113 3228 1205 3274 suam,
1228 3217 1258 3265 et
1278 3229 1391 3265 omnem

340 3300 520 3365 apparatum,
543 3294 594 3363 qui
613 3293 718 3348 merito
746 3300 881 3348 ornatum
915 3293 1033 3363 regium
1070 3301 1232 3365 superaret.
1278 3295 1392 3352 Habuit

339 3395 443 3448 nempe
463 3377 678 3448 quinquaginta
697 3378 769 3432 duos
787 3395 841 3449 pro
859 3379 978 3448 proprio
1003 3395 1124 3448 corpore
1149 3396 1238 3433 novos
1269 3397 1391 3451 appara·

339 3469 397 3524 tus,
417 3462 465 3515 vel
482 3479 586 3516 aureos
604 3461 651 3516 vel
670 3479 759 3515 aureo
776 3467 883 3525 textos,-
901 3467 936 3516 ut
954 3462 1072 3526 ferunt;
1099 3480 1172 3532 quos
1191 3480 1291 3518 omnes
1309 3481 1390 3519 mare

339 3545 497 3609 absorbuit,
516 3563 584 3600 eum
602 3545 685 3616 equis
704 3551 735 3600 et
752 3545 906 3600 dextrariis
931 3547 983 3616 qui
1001 3546 1038 3600 ad
1055 3546 1185 3601 valorem
1203 3547 1304 3603 decem
1315 3567 1390 3603 mer·
1402 3562 1466 3613 Im
1477 3564 1508 3613 of

338 3647 438 3684 carum
455 3629 636 3684 taxabantur.
673 3629 829 3692 Praeterea,
849 3629 957 3699 viginti
975 3630 1104 3700 quinque
1122 3648 1211 3686 naves
1229 3630 1303 3696 alise,
1325 3651 1389 3704 quae
1402 3631 1559 3695 twenty-five

339 3720 446 3768 secutae
465 3719 533 3767 sunt
551 3730 619 3767 eum
646 3731 713 3767 cum
738 3712 904 3768 hominibus
935 3720 966 3768 et
991 3715 1085 3784 equis,
1113 3715 1239 3787 aliisque
1264 3717 1387 3782 divitiis,
1402 3697 1558 3763 “herffll'ffi

338 3804 416 3852 sorte
439 3796 584 3851 consimili
607 3797 766 3867 perierunt.
794 3796 907 3868 Corpus
937 3798 1071 3869 ejusdem
1089 3798 1207 3855 Domini
1234 3801 1386 3868 Johannis,
1401 3812 1456 3862 The
1467 3816 1535 3879 body

338 3888 486 3937 eteorum
504 3898 625 3952 corpora
654 3881 705 3951 qui
723 3898 790 3935 cum
809 3898 843 3935 eo
862 3881 990 3936 similem
1008 3884 1119 3953 experti
1146 3891 1214 3940 sunt
1231 3887 1387 3952 fortuna-m,
1401 3880 1557 3932 ofsirsohn

338 3967 375 4020 ab
393 3966 450 4020 hiis
469 3966 520 4036 qni
538 3969 747 4027 remanserant,
761 3972 827 4036 post
844 3965 976 4020 triduum
995 3977 1064 4023 sunt
1087 3968 1213 4034 inventu,
1234 3976 1264 4025 ct
1276 3971 1305 4025 in
1319 3990 1388 4042 qua·
1402 3947 1517 3998 Arundel

339 4052 405 4107 dam
423 4049 560 4105 abbathia
577 4049 608 4102 in
626 4049 771 4103 Hibernia
789 4049 942 4104 tumulata.
1401 4018 1541 4068 “TVWL

496 4289 587 4356 Noto
613 4289 749 4356 militia
773 4289 923 4357 Domini
952 4290 1085 4358 Thence
1110 4294 1223 4381 Perey.

377 4430 519 4486 Dominus
538 4431 663 4486 Thomas
681 4432 775 4502 Percy
795 4438 824 4486 et
842 4431 984 4487 Dominus
1003 4433 1094 4504 Hugo
1107 4433 1267 4499 Calverlee,
1281 4453 1391 4490 necnon

343 4515 485 4571 Dominus
504 4515 672 4571 Willelmns
700 4515 846 4579 Elmham,
875 4522 905 4570 et
933 4517 1067 4572 nonnulli
1094 4519 1154 4583 alii,
1183 4521 1308 4590 spatiose
1334 4522 1392 4576 dis·

1058 4679 1388 4693 ...ΝΜ-..ὴ

375 4769 466 4816 'nucis
485 4768 512 4816 in
524 4767 599 4831 erip,
624 4767 695 4814 nach
723 4765 840 4829 quendam
891 4766 991 4829 printed
1000 4773 1074 4816 texts.

342 4846 467 4912 scopulum
477 4846 504 4895 in
517 4846 560 4896 the
571 4845 672 4910 printed
683 4852 757 4894 texta
779 4845 840 4895 Cor·
924 4849 977 4894 ’un
988 4845 1016 4894 in
1028 4847 1070 4896 the
1082 4847 1180 4911 printed
1192 4857 1265 4902 texts.

343 4929 428 4978 rected
440 4928 506 4975 from
518 4926 586 4974 Bibl.
597 4926 661 4988 lieg.
676 4929 704 4972 13
720 4925 749 4973 Ε.
762 4925 797 4974 ix.
924 4926 932 4952 ⁴
944 4942 991 4988 quc
1007 4925 1033 4973 in
1045 4926 1121 4990 orig.;
1134 4933 1262 4982 corrected
1273 4932 1337 4983 from
1349 4935 1391 4984 the

378 5009 419 5055 ²et
434 5005 552 5069 inorig.;
570 5005 697 5053 corrected
715 5004 781 5054 from
798 5003 840 5053 the
890 5004 989 5068 printed
1000 5013 1073 5057 texts.
