<?xml version="1.0" encoding="UTF-8"?>
<!DOCTYPE html PUBLIC "-//W3C//DTD XHTML 1.0 Transitional//EN"
    "http://www.w3.org/TR/xhtml1/DTD/xhtml1-transitional.dtd">
<html xmlns="http://www.w3.org/1999/xhtml" xml:lang="en" lang="en">
 <head>
  <title>
</title>
<meta http-equiv="Content-Type" content="text/html;charset=utf-8" />
  <meta name='ocr-system' content='tesseract 3.04.00' />
  <meta name='ocr-capabilities' content='ocr_page ocr_carea ocr_par ocr_line ocrx_word'/>
</head>
<body>
  <div class='ocr_page' id='page_1' title='image "./thomaewalsingha00rilegoog_0130.png"; bbox 0 0 3750 6250; ppageno 0'>
   <div class='ocr_carea' id='block_1_1' title="bbox 487 1075 1200 1143">
    <p class='ocr_par' dir='ltr' id='par_1_1' title="bbox 487 1075 1200 1143">
     <span class='ocr_line' id='line_1_1' title="bbox 487 1075 1200 1143; baseline -0.007 -1"><span class='ocrx_word' id='word_1_1' title='bbox 487 1075 532 1143; x_wconf 75' lang='lat'>92</span> <span class='ocrx_word' id='word_1_2' title='bbox 814 1090 945 1140; x_wconf 76' lang='lat' dir='ltr'>moun</span> <span class='ocrx_word' id='word_1_3' title='bbox 967 1087 1200 1138; x_wconf 70' lang='lat' dir='ltr'>summoniri</span> 
     </span>
    </p>
   </div>
   <div class='ocr_carea' id='block_1_2' title="bbox 317 1271 1574 4719">
    <p class='ocr_par' dir='ltr' id='par_1_2' title="bbox 317 1271 1574 4719">
     <span class='ocr_line' id='line_1_2' title="bbox 317 1271 1574 1390; baseline 0.002 -66"><span class='ocrx_word' id='word_1_4' title='bbox 317 1271 387 1325; x_wconf 72' lang='lat' dir='ltr'>An</span> <span class='ocrx_word' id='word_1_5' title='bbox 402 1279 506 1329; x_wconf 73' lang='lat' dir='ltr'>1301.u</span> <span class='ocrx_word' id='word_1_6' title='bbox 525 1274 674 1332; x_wconf 81' lang='lat' dir='ltr'>civitatem</span> <span class='ocrx_word' id='word_1_7' title='bbox 697 1275 865 1340; x_wconf 82' lang='lat' dir='ltr'>Lincolniss,</span> <span class='ocrx_word' id='word_1_8' title='bbox 890 1294 979 1348; x_wconf 87' lang='lat' dir='ltr'>super</span> <span class='ocrx_word' id='word_1_9' title='bbox 1002 1274 1146 1347; x_wconf 85' lang='lat' dir='ltr'>quendam</span> <span class='ocrx_word' id='word_1_10' title='bbox 1169 1272 1329 1329; x_wconf 86' lang='lat' dir='ltr'>montem</span> <span class='ocrx_word' id='word_1_11' title='bbox 1320 1291 1351 1328; x_wconf 78' lang='lat' dir='ltr'>in</span> <span class='ocrx_word' id='word_1_12' title='bbox 1381 1272 1574 1390; x_wconf 75' lang='lat' dir='ltr'>conspectull</span> 
     </span>
     <span class='ocr_line' id='line_1_3' title="bbox 486 1340 1574 1456; baseline -0.001 -40.988"><span class='ocrx_word' id='word_1_13' title='bbox 486 1365 505 1388; x_wconf 81' lang='lat'>‘⁴</span> <span class='ocrx_word' id='word_1_14' title='bbox 525 1361 619 1416; x_wconf 89' lang='lat' dir='ltr'>omnis</span> <span class='ocrx_word' id='word_1_15' title='bbox 636 1360 745 1432; x_wconf 87' lang='lat' dir='ltr'>populi,</span> <span class='ocrx_word' id='word_1_16' title='bbox 762 1359 832 1415; x_wconf 82' lang='lat' dir='ltr'>facit</span> <span class='ocrx_word' id='word_1_17' title='bbox 844 1360 1015 1431; x_wconf 91' lang='lat' dir='ltr'>homagium</span> <span class='ocrx_word' id='word_1_18' title='bbox 1030 1366 1060 1415; x_wconf 91' lang='lat' dir='ltr'>et</span> <span class='ocrx_word' id='word_1_19' title='bbox 1072 1357 1271 1430; x_wconf 86' lang='lat' dir='ltr'>juramentum</span> <span class='ocrx_word' id='word_1_20' title='bbox 1285 1357 1435 1414; x_wconf 85' lang='lat' dir='ltr'>fidelitatis</span> <span class='ocrx_word' id='word_1_21' title='bbox 1450 1340 1574 1456; x_wconf 51' lang='lat' dir='ltr'>super}</span> 
     </span>
     <span class='ocr_line' id='line_1_4' title="bbox 486 1406 1574 1523; baseline -0.003 -23"><span class='ocrx_word' id='word_1_22' title='bbox 486 1449 505 1472; x_wconf 81' lang='lat'>&#39;⁸</span> <span class='ocrx_word' id='word_1_23' title='bbox 524 1462 640 1500; x_wconf 88' lang='lat' dir='ltr'>crucem</span> <span class='ocrx_word' id='word_1_24' title='bbox 659 1444 823 1500; x_wconf 73' lang='lat' dir='ltr'>cantuaria</span> <span class='ocrx_word' id='word_1_25' title='bbox 846 1443 1067 1515; x_wconf 83' lang='lat' dir='ltr'>Archicpiscopi</span> <span class='ocrx_word' id='word_1_26' title='bbox 1088 1442 1233 1508; x_wconf 84' lang='lat' dir='ltr'>Huberti3</span> <span class='ocrx_word' id='word_1_27' title='bbox 1259 1447 1290 1497; x_wconf 86' lang='lat' dir='ltr'>et</span> <span class='ocrx_word' id='word_1_28' title='bbox 1307 1440 1402 1496; x_wconf 90' lang='lat' dir='ltr'>eidem</span> <span class='ocrx_word' id='word_1_29' title='bbox 1420 1406 1574 1497; x_wconf 76' lang='lat' dir='ltr'>dominoR</span> <span class='ocrx_word' id='word_1_30' title='bbox 1547 1472 1574 1523; x_wconf 59' lang='lat' dir='ltr'>E</span> 
     </span>
     <span class='ocr_line' id='line_1_5' title="bbox 484 1525 1573 1600; baseline -0.001 -17"><span class='ocrx_word' id='word_1_31' title='bbox 484 1532 505 1556; x_wconf 81' lang='lat'>⁴¹</span> <span class='ocrx_word' id='word_1_32' title='bbox 524 1547 577 1584; x_wconf 88' lang='lat' dir='ltr'>suo</span> <span class='ocrx_word' id='word_1_33' title='bbox 595 1546 648 1600; x_wconf 89' lang='lat' dir='ltr'>per</span> <span class='ocrx_word' id='word_1_34' title='bbox 665 1529 794 1583; x_wconf 86' lang='lat' dir='ltr'>chartam</span> <span class='ocrx_word' id='word_1_35' title='bbox 813 1546 896 1583; x_wconf 89' lang='lat' dir='ltr'>suam</span> <span class='ocrx_word' id='word_1_36' title='bbox 920 1528 1071 1591; x_wconf 88' lang='lat' dir='ltr'>concessit,</span> <span class='ocrx_word' id='word_1_37' title='bbox 1097 1525 1175 1598; x_wconf 87' lang='lat' dir='ltr'>quod</span> <span class='ocrx_word' id='word_1_38' title='bbox 1199 1526 1423 1591; x_wconf 70' lang='lat' dir='ltr'>&#39;Alexandrum</span> <span class='ocrx_word' id='word_1_39' title='bbox 1444 1526 1535 1582; x_wconf 86' lang='lat' dir='ltr'>lilium</span> <span class='ocrx_word' id='word_1_40' title='bbox 1547 1539 1573 1589; x_wconf 71' lang='lat' dir='ltr'>u</span> 
     </span>
     <span class='ocr_line' id='line_1_6' title="bbox 486 1606 1574 1686; baseline -0.002 -16"><span class='ocrx_word' id='word_1_41' title='bbox 486 1619 505 1641; x_wconf 79' lang='lat'>‘⁸</span> <span class='ocrx_word' id='word_1_42' title='bbox 525 1632 620 1679; x_wconf 87' lang='lat' dir='ltr'>suum,</span> <span class='ocrx_word' id='word_1_43' title='bbox 641 1615 717 1671; x_wconf 87' lang='lat' dir='ltr'>sicut</span> <span class='ocrx_word' id='word_1_44' title='bbox 705 1616 880 1671; x_wconf 91' lang='lat' dir='ltr'>thominem</span> <span class='ocrx_word' id='word_1_45' title='bbox 905 1614 1011 1686; x_wconf 87' lang='lat' dir='ltr'>ligium</span> <span class='ocrx_word' id='word_1_46' title='bbox 1038 1631 1133 1676; x_wconf 89' lang='lat' dir='ltr'>suum,</span> <span class='ocrx_word' id='word_1_47' title='bbox 1153 1613 1320 1677; x_wconf 82' lang='lat' dir='ltr'>maritaret3</span> <span class='ocrx_word' id='word_1_48' title='bbox 1340 1606 1574 1683; x_wconf 73' lang='lat' dir='ltr'>promittendoR</span> 
     </span>
     <span class='ocr_line' id='line_1_7' title="bbox 485 1696 1533 1769; baseline -0.001 -16"><span class='ocrx_word' id='word_1_49' title='bbox 485 1702 505 1726; x_wconf 86' lang='grc'>“</span> <span class='ocrx_word' id='word_1_50' title='bbox 524 1698 648 1754; x_wconf 84' lang='lat' dir='ltr'>firmiter</span> <span class='ocrx_word' id='word_1_51' title='bbox 663 1700 694 1754; x_wconf 87' lang='lat' dir='ltr'>in</span> <span class='ocrx_word' id='word_1_52' title='bbox 705 1700 808 1755; x_wconf 86' lang='lat' dir='ltr'>&#39;charta</span> <span class='ocrx_word' id='word_1_53' title='bbox 824 1699 935 1763; x_wconf 89' lang='lat' dir='ltr'>eadem,</span> <span class='ocrx_word' id='word_1_54' title='bbox 956 1697 1033 1769; x_wconf 91' lang='lat' dir='ltr'>quod</span> <span class='ocrx_word' id='word_1_55' title='bbox 1051 1698 1129 1752; x_wconf 89' lang='lat' dir='ltr'>idem</span> <span class='ocrx_word' id='word_1_56' title='bbox 1142 1696 1317 1762; x_wconf 88' lang='lat' dir='ltr'>Willelmus,</span> <span class='ocrx_word' id='word_1_57' title='bbox 1337 1696 1400 1751; x_wconf 80' lang='lat' dir='ltr'>Rex</span> <span class='ocrx_word' id='word_1_58' title='bbox 1419 1696 1533 1762; x_wconf 76' lang='lat' dir='ltr'>Scotioe,</span> 
     </span>
     <span class='ocr_line' id='line_1_8' title="bbox 486 1780 1535 1852; baseline -0.003 -14"><span class='ocrx_word' id='word_1_59' title='bbox 486 1786 505 1809; x_wconf 81' lang='lat'>‘¹</span> <span class='ocrx_word' id='word_1_60' title='bbox 524 1789 555 1838; x_wconf 89' lang='lat' dir='ltr'>et</span> <span class='ocrx_word' id='word_1_61' title='bbox 582 1781 773 1847; x_wconf 61' lang='lat' dir='ltr'>&#39;Alexanden</span> <span class='ocrx_word' id='word_1_62' title='bbox 802 1783 880 1840; x_wconf 88' lang='lat' dir='ltr'>fllius</span> <span class='ocrx_word' id='word_1_63' title='bbox 908 1801 988 1846; x_wconf 88' lang='lat' dir='ltr'>suus,</span> <span class='ocrx_word' id='word_1_64' title='bbox 1015 1782 1145 1837; x_wconf 87' lang='lat' dir='ltr'>chrico</span> <span class='ocrx_word' id='word_1_65' title='bbox 1170 1780 1231 1835; x_wconf 91' lang='lat' dir='ltr'>filio</span> <span class='ocrx_word' id='word_1_66' title='bbox 1261 1780 1413 1846; x_wconf 84' lang='lat' dir='ltr'>Johannis,</span> <span class='ocrx_word' id='word_1_67' title='bbox 1445 1781 1535 1852; x_wconf 81' lang='lat' dir='ltr'>Regis</span> 
     </span>
     <span class='ocr_line' id='line_1_9' title="bbox 486 1865 1535 1940; baseline -0.002 -18"><span class='ocrx_word' id='word_1_68' title='bbox 486 1870 505 1894; x_wconf 85' lang='lat'><em>“</em></span> <span class='ocrx_word' id='word_1_69' title='bbox 525 1867 650 1939; x_wconf 79' lang='lat' dir='ltr'>Anglioe,</span> <span class='ocrx_word' id='word_1_70' title='bbox 669 1874 808 1938; x_wconf 85' lang='lat' dir='ltr'>tanquam</span> <span class='ocrx_word' id='word_1_71' title='bbox 832 1867 906 1940; x_wconf 88' lang='lat' dir='ltr'>ligio</span> <span class='ocrx_word' id='word_1_72' title='bbox 931 1866 1047 1922; x_wconf 90' lang='lat' dir='ltr'>domino</span> <span class='ocrx_word' id='word_1_73' title='bbox 1066 1884 1128 1930; x_wconf 91' lang='lat' dir='ltr'>suo,</span> <span class='ocrx_word' id='word_1_74' title='bbox 1155 1873 1256 1921; x_wconf 90' lang='lat' dir='ltr'>contra</span> <span class='ocrx_word' id='word_1_75' title='bbox 1282 1883 1381 1921; x_wconf 88' lang='lat' dir='ltr'>omnes</span> <span class='ocrx_word' id='word_1_76' title='bbox 1399 1865 1535 1921; x_wconf 83' lang='lat' dir='ltr'>mortales</span> 
     </span>
     <span class='ocr_line' id='line_1_10' title="bbox 486 1949 1533 2021; baseline -0.003 -15"><span class='ocrx_word' id='word_1_77' title='bbox 486 1956 505 1978; x_wconf 80' lang='lat'>‘⁶</span> <span class='ocrx_word' id='word_1_78' title='bbox 524 1951 611 2007; x_wconf 85' lang='lat' dir='ltr'>fidem</span> <span class='ocrx_word' id='word_1_79' title='bbox 641 1958 672 2007; x_wconf 92' lang='lat' dir='ltr'>et</span> <span class='ocrx_word' id='word_1_80' title='bbox 700 1950 870 2007; x_wconf 89' lang='lat' dir='ltr'>fidelitatem</span> <span class='ocrx_word' id='word_1_81' title='bbox 900 1957 1041 2006; x_wconf 85' lang='lat' dir='ltr'>tenerent.</span> <span class='ocrx_word' id='word_1_82' title='bbox 1091 1950 1119 2004; x_wconf 91' lang='lat' dir='ltr'>A</span> <span class='ocrx_word' id='word_1_83' title='bbox 1145 1968 1203 2020; x_wconf 89' lang='lat' dir='ltr'>quo</span> <span class='ocrx_word' id='word_1_84' title='bbox 1233 1949 1352 2021; x_wconf 89' lang='lat' dir='ltr'>quidem</span> <span class='ocrx_word' id='word_1_85' title='bbox 1377 1949 1533 2013; x_wconf 88' lang='lat' dir='ltr'>Willelmc,</span> 
     </span>
     <span class='ocr_line' id='line_1_11' title="bbox 486 2032 1536 2107; baseline -0.002 -18"><span class='ocrx_word' id='word_1_86' title='bbox 486 2035 608 2107; x_wconf 84' lang='lat' dir='ltr'>“Rege</span> <span class='ocrx_word' id='word_1_87' title='bbox 633 2036 748 2098; x_wconf 80' lang='lat' dir='ltr'>Scotioe,</span> <span class='ocrx_word' id='word_1_88' title='bbox 774 2034 959 2107; x_wconf 87' lang='lat' dir='ltr'>postmodum</span> <span class='ocrx_word' id='word_1_89' title='bbox 984 2053 1036 2106; x_wconf 92' lang='lat' dir='ltr'>pro</span> <span class='ocrx_word' id='word_1_90' title='bbox 1063 2052 1098 2089; x_wconf 89' lang='lat' dir='ltr'>eo</span> <span class='ocrx_word' id='word_1_91' title='bbox 1125 2033 1203 2104; x_wconf 88' lang='lat' dir='ltr'>quod</span> <span class='ocrx_word' id='word_1_92' title='bbox 1229 2032 1422 2105; x_wconf 67' lang='lat' dir='ltr'><strong>desponderat</strong></span> <span class='ocrx_word' id='word_1_93' title='bbox 1448 2032 1536 2087; x_wconf 84' lang='lat' dir='ltr'>liliam</span> 
     </span>
     <span class='ocr_line' id='line_1_12' title="bbox 486 2116 1536 2190; baseline -0.002 -17"><span class='ocrx_word' id='word_1_94' title='bbox 486 2123 504 2145; x_wconf 77' lang='lat'>‘⁶</span> <span class='ocrx_word' id='word_1_95' title='bbox 524 2137 607 2174; x_wconf 86' lang='lat' dir='ltr'>snam</span> <span class='ocrx_word' id='word_1_96' title='bbox 634 2119 742 2175; x_wconf 88' lang='lat' dir='ltr'>Comiti</span> <span class='ocrx_word' id='word_1_97' title='bbox 767 2119 906 2183; x_wconf 83' lang='lat' dir='ltr'>Boloniae‚</span> <span class='ocrx_word' id='word_1_98' title='bbox 932 2125 1039 2190; x_wconf 74' lang='lat' dir='ltr'>praeter</span> <span class='ocrx_word' id='word_1_99' title='bbox 1064 2117 1156 2188; x_wconf 84' lang='lat' dir='ltr'>Regis</span> <span class='ocrx_word' id='word_1_100' title='bbox 1181 2117 1333 2182; x_wconf 90' lang='lat' dir='ltr'>Johannis,</span> <span class='ocrx_word' id='word_1_101' title='bbox 1352 2116 1462 2171; x_wconf 89' lang='lat' dir='ltr'>domini</span> <span class='ocrx_word' id='word_1_102' title='bbox 1480 2116 1536 2180; x_wconf 90' lang='lat' dir='ltr'>sui,</span> 
     </span>
     <span class='ocr_line' id='line_1_13' title="bbox 486 2202 1537 2274; baseline -0.002 -16"><span class='ocrx_word' id='word_1_103' title='bbox 486 2208 504 2229; x_wconf 85' lang='lat'>‘¹</span> <span class='ocrx_word' id='word_1_104' title='bbox 524 2221 684 2268; x_wconf 79' lang='lat' dir='ltr'>assensum,</span> <span class='ocrx_word' id='word_1_105' title='bbox 715 2221 768 2274; x_wconf 90' lang='lat' dir='ltr'>pro</span> <span class='ocrx_word' id='word_1_106' title='bbox 802 2203 1034 2274; x_wconf 76' lang='lat' dir='ltr'>transgressione</span> <span class='ocrx_word' id='word_1_107' title='bbox 1064 2211 1094 2258; x_wconf 90' lang='lat' dir='ltr'>ct</span> <span class='ocrx_word' id='word_1_108' title='bbox 1123 2203 1279 2257; x_wconf 86' lang='lat' dir='ltr'>temeraria</span> <span class='ocrx_word' id='word_1_109' title='bbox 1313 2202 1537 2273; x_wconf 69' lang='lat' dir='ltr'>praesumptione</span> 
     </span>
     <span class='ocr_line' id='line_1_14' title="bbox 486 2283 1537 2359; baseline -0.003 -17"><span class='ocrx_word' id='word_1_110' title='bbox 486 2287 612 2359; x_wconf 84' lang='lat' dir='ltr'>“hujus</span> <span class='ocrx_word' id='word_1_111' title='bbox 642 2288 770 2345; x_wconf 86' lang='lat' dir='ltr'>debitam</span> <span class='ocrx_word' id='word_1_112' title='bbox 800 2288 1027 2343; x_wconf 71' lang='lat' dir='ltr'>satisfactionem</span> <span class='ocrx_word' id='word_1_113' title='bbox 1056 2288 1194 2358; x_wconf 80' lang='lat' dir='ltr'>suscepit.</span> <span class='ocrx_word' id='word_1_114' title='bbox 1241 2286 1326 2350; x_wconf 82' lang='lat' dir='ltr'>Item,</span> <span class='ocrx_word' id='word_1_115' title='bbox 1357 2283 1537 2340; x_wconf 77' lang='lat' dir='ltr'>²Alexander</span> 
     </span>
     <span class='ocr_line' id='line_1_15' title="bbox 486 2368 1537 2442; baseline -0.005 -15"><span class='ocrx_word' id='word_1_116' title='bbox 486 2377 504 2398; x_wconf 93' lang='grc'>“</span> <span class='ocrx_word' id='word_1_117' title='bbox 524 2372 587 2427; x_wconf 84' lang='lat' dir='ltr'>Rex</span> <span class='ocrx_word' id='word_1_118' title='bbox 613 2372 727 2437; x_wconf 82' lang='lat' dir='ltr'>Scotim,</span> <span class='ocrx_word' id='word_1_119' title='bbox 757 2373 885 2427; x_wconf 86' lang='lat' dir='ltr'>sororius</span> <span class='ocrx_word' id='word_1_120' title='bbox 910 2378 1018 2435; x_wconf 84' lang='lat' dir='ltr'>noster,</span> <span class='ocrx_word' id='word_1_121' title='bbox 1051 2370 1127 2442; x_wconf 82' lang='lat' dir='ltr'>Regi</span> <span class='ocrx_word' id='word_1_122' title='bbox 1152 2369 1268 2441; x_wconf 82' lang='lat' dir='ltr'>Angliae</span> <span class='ocrx_word' id='word_1_123' title='bbox 1294 2369 1433 2433; x_wconf 89' lang='lat' dir='ltr'>chrico,</span> <span class='ocrx_word' id='word_1_124' title='bbox 1461 2368 1537 2441; x_wconf 86' lang='lat' dir='ltr'>patri</span> 
     </span>
     <span class='ocr_line' id='line_1_16' title="bbox 486 2453 1534 2527; baseline -0.003 -17"><span class='ocrx_word' id='word_1_125' title='bbox 486 2460 504 2482; x_wconf 83' lang='lat'>¹⁴</span> <span class='ocrx_word' id='word_1_126' title='bbox 524 2463 631 2519; x_wconf 90' lang='lat' dir='ltr'>nostro,</span> <span class='ocrx_word' id='word_1_127' title='bbox 657 2473 711 2527; x_wconf 91' lang='lat' dir='ltr'>pro</span> <span class='ocrx_word' id='word_1_128' title='bbox 736 2473 827 2527; x_wconf 90' lang='lat' dir='ltr'>regno</span> <span class='ocrx_word' id='word_1_129' title='bbox 855 2456 970 2521; x_wconf 86' lang='lat' dir='ltr'>Scotiae,</span> <span class='ocrx_word' id='word_1_130' title='bbox 991 2462 1022 2510; x_wconf 88' lang='lat' dir='ltr'>et</span> <span class='ocrx_word' id='word_1_131' title='bbox 1038 2462 1139 2527; x_wconf 87' lang='lat' dir='ltr'>postca</span> <span class='ocrx_word' id='word_1_132' title='bbox 1158 2454 1251 2518; x_wconf 87' lang='lat' dir='ltr'>nobis,</span> <span class='ocrx_word' id='word_1_133' title='bbox 1271 2453 1341 2509; x_wconf 78' lang='lat' dir='ltr'>fecit</span> <span class='ocrx_word' id='word_1_134' title='bbox 1356 2453 1534 2524; x_wconf 81' lang='lat' dir='ltr'>homagium.</span> 
     </span>
     <span class='ocr_line' id='line_1_17' title="bbox 485 2537 1535 2610; baseline 0 -18"><span class='ocrx_word' id='word_1_135' title='bbox 485 2544 504 2565; x_wconf 81' lang='lat'>‘⁴</span> <span class='ocrx_word' id='word_1_136' title='bbox 523 2539 654 2594; x_wconf 80' lang='lat' dir='ltr'>Vacante</span> <span class='ocrx_word' id='word_1_137' title='bbox 671 2539 776 2595; x_wconf 91' lang='lat' dir='ltr'>deinde</span> <span class='ocrx_word' id='word_1_138' title='bbox 793 2557 884 2610; x_wconf 90' lang='lat' dir='ltr'>regno</span> <span class='ocrx_word' id='word_1_139' title='bbox 907 2540 1013 2595; x_wconf 83' lang='lat' dir='ltr'>Scotioe</span> <span class='ocrx_word' id='word_1_140' title='bbox 1035 2556 1089 2610; x_wconf 91' lang='lat' dir='ltr'>per</span> <span class='ocrx_word' id='word_1_141' title='bbox 1108 2544 1232 2593; x_wconf 90' lang='lat' dir='ltr'>mortem</span> <span class='ocrx_word' id='word_1_142' title='bbox 1251 2537 1419 2602; x_wconf 78' lang='lat' dir='ltr'>Alexandri,</span> <span class='ocrx_word' id='word_1_143' title='bbox 1445 2537 1535 2608; x_wconf 85' lang='lat' dir='ltr'>Regis</span> 
     </span>
     <span class='ocr_line' id='line_1_18' title="bbox 486 2620 1535 2695; baseline -0.001 -19"><span class='ocrx_word' id='word_1_144' title='bbox 486 2628 504 2650; x_wconf 82' lang='lat'>‘⁴</span> <span class='ocrx_word' id='word_1_145' title='bbox 524 2624 615 2688; x_wconf 92' lang='lat' dir='ltr'>illius,</span> <span class='ocrx_word' id='word_1_146' title='bbox 645 2631 675 2679; x_wconf 91' lang='lat' dir='ltr'>ct</span> <span class='ocrx_word' id='word_1_147' title='bbox 698 2624 909 2694; x_wconf 86' lang='lat' dir='ltr'>subsequenter</span> <span class='ocrx_word' id='word_1_148' title='bbox 943 2642 997 2695; x_wconf 86' lang='lat' dir='ltr'>per</span> <span class='ocrx_word' id='word_1_149' title='bbox 1031 2629 1156 2679; x_wconf 90' lang='lat' dir='ltr'>mortem</span> <span class='ocrx_word' id='word_1_150' title='bbox 1186 2622 1370 2692; x_wconf 78' lang='lat' dir='ltr'>Margaretae,</span> <span class='ocrx_word' id='word_1_151' title='bbox 1404 2620 1535 2693; x_wconf 86' lang='lat' dir='ltr'>ejusdem</span> 
     </span>
     <span class='ocr_line' id='line_1_19' title="bbox 485 2705 1533 2779; baseline -0.002 -17"><span class='ocrx_word' id='word_1_152' title='bbox 485 2710 505 2734; x_wconf 81' lang='lat'>‘⁴</span> <span class='ocrx_word' id='word_1_153' title='bbox 526 2707 630 2763; x_wconf 80' lang='lat' dir='ltr'>Scotim</span> <span class='ocrx_word' id='word_1_154' title='bbox 664 2707 785 2779; x_wconf 73' lang='lat' dir='ltr'>Reginae</span> <span class='ocrx_word' id='word_1_155' title='bbox 817 2714 848 2763; x_wconf 88' lang='lat' dir='ltr'>et</span> <span class='ocrx_word' id='word_1_156' title='bbox 886 2708 1028 2771; x_wconf 83' lang='lat' dir='ltr'>Dominae,</span> <span class='ocrx_word' id='word_1_157' title='bbox 1057 2707 1207 2779; x_wconf 90' lang='lat' dir='ltr'>proneptis</span> <span class='ocrx_word' id='word_1_158' title='bbox 1242 2712 1359 2770; x_wconf 72' lang='lat' dir='ltr'>nostre,</span> <span class='ocrx_word' id='word_1_159' title='bbox 1385 2705 1533 2778; x_wconf 78' lang='lat' dir='ltr'>Episcopi,</span> 
     </span>
     <span class='ocr_line' id='line_1_20' title="bbox 485 2790 1535 2858; baseline -0.001 -13"><span class='ocrx_word' id='word_1_160' title='bbox 485 2794 504 2817; x_wconf 78' lang='lat'>⁴⁴</span> <span class='ocrx_word' id='word_1_161' title='bbox 525 2790 661 2852; x_wconf 67' lang='lat' dir='ltr'>abbates,</span> <span class='ocrx_word' id='word_1_162' title='bbox 687 2791 814 2858; x_wconf 89' lang='lat' dir='ltr'>Priores,</span> <span class='ocrx_word' id='word_1_163' title='bbox 835 2792 974 2855; x_wconf 83' lang='lat' dir='ltr'>Comites,</span> <span class='ocrx_word' id='word_1_164' title='bbox 995 2799 1025 2847; x_wconf 91' lang='lat' dir='ltr'>et</span> <span class='ocrx_word' id='word_1_165' title='bbox 1041 2791 1180 2855; x_wconf 81' lang='lat' dir='ltr'>Berones,</span> <span class='ocrx_word' id='word_1_166' title='bbox 1201 2797 1231 2846; x_wconf 92' lang='lat' dir='ltr'>et</span> <span class='ocrx_word' id='word_1_167' title='bbox 1251 2791 1349 2845; x_wconf 68' lang='lat' dir='ltr'>caeteri</span> <span class='ocrx_word' id='word_1_168' title='bbox 1373 2790 1486 2846; x_wconf 87' lang='lat' dir='ltr'>nobiles</span> <span class='ocrx_word' id='word_1_169' title='bbox 1502 2806 1535 2844; x_wconf 90' lang='lat' dir='ltr'>ac</span> 
     </span>
     <span class='ocr_line' id='line_1_21' title="bbox 486 2872 1536 2946; baseline -0.001 -16"><span class='ocrx_word' id='word_1_170' title='bbox 486 2877 745 2931; x_wconf 82' lang='lat' dir='ltr'>“communitates</span> <span class='ocrx_word' id='word_1_171' title='bbox 782 2876 872 2931; x_wconf 88' lang='lat' dir='ltr'>totins</span> <span class='ocrx_word' id='word_1_172' title='bbox 909 2877 994 2946; x_wconf 89' lang='lat' dir='ltr'>regni</span> <span class='ocrx_word' id='word_1_173' title='bbox 1035 2876 1149 2938; x_wconf 79' lang='lat' dir='ltr'>Scotioe,</span> <span class='ocrx_word' id='word_1_174' title='bbox 1182 2875 1219 2929; x_wconf 87' lang='lat' dir='ltr'>ad</span> <span class='ocrx_word' id='word_1_175' title='bbox 1248 2894 1301 2929; x_wconf 90' lang='lat' dir='ltr'>nos</span> <span class='ocrx_word' id='word_1_176' title='bbox 1331 2883 1470 2945; x_wconf 85' lang='lat' dir='ltr'>tanquam</span> <span class='ocrx_word' id='word_1_177' title='bbox 1499 2872 1536 2929; x_wconf 82' lang='lat' dir='ltr'>ad</span> 
     </span>
     <span class='ocr_line' id='line_1_22' title="bbox 485 2959 1534 3030; baseline -0.001 -16"><span class='ocrx_word' id='word_1_178' title='bbox 485 2960 719 3015; x_wconf 81' lang='lat' dir='ltr'>“defensionem</span> <span class='ocrx_word' id='word_1_179' title='bbox 752 2960 866 3024; x_wconf 88' lang='lat' dir='ltr'>ducem,</span> <span class='ocrx_word' id='word_1_180' title='bbox 904 2961 1048 3029; x_wconf 87' lang='lat' dir='ltr'>aurigam,</span> <span class='ocrx_word' id='word_1_181' title='bbox 1089 2960 1281 3030; x_wconf 82' lang='lat' dir='ltr'>capitaneum,</span> <span class='ocrx_word' id='word_1_182' title='bbox 1317 2964 1348 3013; x_wconf 90' lang='lat' dir='ltr'>et</span> <span class='ocrx_word' id='word_1_183' title='bbox 1386 2959 1534 3014; x_wconf 89' lang='lat' dir='ltr'>dominum</span> 
     </span>
     <span class='ocr_line' id='line_1_23' title="bbox 485 3045 1535 3119; baseline -0.001 -17"><span class='ocrx_word' id='word_1_184' title='bbox 485 3050 504 3073; x_wconf 79' lang='lat'>‘⁶</span> <span class='ocrx_word' id='word_1_185' title='bbox 523 3048 687 3119; x_wconf 86' lang='lat' dir='ltr'>capitalem,</span> <span class='ocrx_word' id='word_1_186' title='bbox 713 3045 845 3118; x_wconf 89' lang='lat' dir='ltr'>ejusdem</span> <span class='ocrx_word' id='word_1_187' title='bbox 868 3047 954 3117; x_wconf 85' lang='lat' dir='ltr'>regni</span> <span class='ocrx_word' id='word_1_188' title='bbox 976 3047 1018 3100; x_wconf 87' lang='lat' dir='ltr'>sic</span> <span class='ocrx_word' id='word_1_189' title='bbox 1042 3046 1181 3109; x_wconf 83' lang='lat' dir='ltr'>vacant-is,</span> <span class='ocrx_word' id='word_1_190' title='bbox 1207 3047 1301 3116; x_wconf 80' lang='lat' dir='ltr'>gratis</span> <span class='ocrx_word' id='word_1_191' title='bbox 1325 3052 1356 3099; x_wconf 91' lang='lat' dir='ltr'>et</span> <span class='ocrx_word' id='word_1_192' title='bbox 1379 3052 1535 3117; x_wconf 81' lang='lat' dir='ltr'>spontanea</span> 
     </span>
     <span class='ocr_line' id='line_1_24' title="bbox 486 3130 1532 3204; baseline -0.002 -17"><span class='ocrx_word' id='word_1_193' title='bbox 486 3137 505 3159; x_wconf 89' lang='lat'>“</span> <span class='ocrx_word' id='word_1_194' title='bbox 523 3133 674 3188; x_wconf 82' lang='lat' dir='ltr'>voluntate</span> <span class='ocrx_word' id='word_1_195' title='bbox 692 3131 872 3196; x_wconf 84' lang='lat' dir='ltr'>accedentes,</span> <span class='ocrx_word' id='word_1_196' title='bbox 890 3137 978 3204; x_wconf 90' lang='lat' dir='ltr'>prout</span> <span class='ocrx_word' id='word_1_197' title='bbox 995 3132 1167 3186; x_wconf 87' lang='lat' dir='ltr'>tenebantur</span> <span class='ocrx_word' id='word_1_198' title='bbox 1183 3130 1219 3185; x_wconf 94' lang='lat' dir='ltr'>de</span> <span class='ocrx_word' id='word_1_199' title='bbox 1235 3130 1312 3201; x_wconf 88' lang='lat' dir='ltr'>jure,</span> <span class='ocrx_word' id='word_1_200' title='bbox 1323 3131 1373 3201; x_wconf 89' lang='lat' dir='ltr'>jus</span> <span class='ocrx_word' id='word_1_201' title='bbox 1391 3137 1532 3194; x_wconf 87' lang='lat' dir='ltr'>nostrum,</span> 
     </span>
     <span class='ocr_line' id='line_1_25' title="bbox 485 3216 1535 3288; baseline -0.002 -17"><span class='ocrx_word' id='word_1_202' title='bbox 485 3217 743 3288; x_wconf 77' lang='lat' dir='ltr'>“progenitorum</span> <span class='ocrx_word' id='word_1_203' title='bbox 777 3216 975 3279; x_wconf 71' lang='lat' dir='ltr'>&#39;poenorum</span> <span class='ocrx_word' id='word_1_204' title='bbox 1007 3233 1040 3270; x_wconf 86' lang='lat' dir='ltr'>ec</span> <span class='ocrx_word' id='word_1_205' title='bbox 1071 3216 1282 3286; x_wconf 88' lang='lat' dir='ltr'>possessionem</span> <span class='ocrx_word' id='word_1_206' title='bbox 1314 3216 1474 3286; x_wconf 87' lang='lat' dir='ltr'>superioria</span> <span class='ocrx_word' id='word_1_207' title='bbox 1505 3219 1535 3269; x_wconf 88' lang='lat' dir='ltr'>et</span> 
     </span>
     <span class='ocr_line' id='line_1_26' title="bbox 484 3298 1532 3372; baseline -0.002 -16"><span class='ocrx_word' id='word_1_208' title='bbox 484 3305 503 3328; x_wconf 80' lang='lat'>‘⁶</span> <span class='ocrx_word' id='word_1_209' title='bbox 522 3301 626 3357; x_wconf 87' lang='lat' dir='ltr'>directi</span> <span class='ocrx_word' id='word_1_210' title='bbox 641 3301 761 3356; x_wconf 90' lang='lat' dir='ltr'>dominii</span> <span class='ocrx_word' id='word_1_211' title='bbox 776 3302 808 3356; x_wconf 89' lang='lat' dir='ltr'>in</span> <span class='ocrx_word' id='word_1_212' title='bbox 822 3317 915 3372; x_wconf 86' lang='lat' dir='ltr'>regno</span> <span class='ocrx_word' id='word_1_213' title='bbox 931 3299 1042 3365; x_wconf 88' lang='lat' dir='ltr'>eodem,</span> <span class='ocrx_word' id='word_1_214' title='bbox 1059 3306 1089 3354; x_wconf 89' lang='lat' dir='ltr'>et</span> <span class='ocrx_word' id='word_1_215' title='bbox 1104 3301 1197 3371; x_wconf 87' lang='lat' dir='ltr'>ipsius</span> <span class='ocrx_word' id='word_1_216' title='bbox 1213 3298 1297 3369; x_wconf 88' lang='lat' dir='ltr'>regni</span> <span class='ocrx_word' id='word_1_217' title='bbox 1314 3298 1532 3371; x_wconf 86' lang='lat' dir='ltr'>subjectionem,</span> 
     </span>
     <span class='ocr_line' id='line_1_27' title="bbox 484 3383 1534 3455; baseline -0.001 -16"><span class='ocrx_word' id='word_1_218' title='bbox 484 3389 503 3411; x_wconf 82' lang='lat'>‘¹</span> <span class='ocrx_word' id='word_1_219' title='bbox 523 3403 557 3439; x_wconf 85' lang='lat' dir='ltr'>ex</span> <span class='ocrx_word' id='word_1_220' title='bbox 575 3391 655 3441; x_wconf 87' lang='lat' dir='ltr'>certa</span> <span class='ocrx_word' id='word_1_221' title='bbox 675 3385 797 3440; x_wconf 88' lang='lat' dir='ltr'>scientia</span> <span class='ocrx_word' id='word_1_222' title='bbox 819 3402 901 3455; x_wconf 88' lang='lat' dir='ltr'>pure,</span> <span class='ocrx_word' id='word_1_223' title='bbox 921 3391 953 3439; x_wconf 89' lang='lat' dir='ltr'>et</span> <span class='ocrx_word' id='word_1_224' title='bbox 970 3384 1151 3454; x_wconf 89' lang='lat' dir='ltr'>simpliciter,</span> <span class='ocrx_word' id='word_1_225' title='bbox 1177 3390 1208 3438; x_wconf 88' lang='lat' dir='ltr'>et</span> <span class='ocrx_word' id='word_1_226' title='bbox 1230 3383 1370 3447; x_wconf 88' lang='lat' dir='ltr'>absolute,</span> <span class='ocrx_word' id='word_1_227' title='bbox 1396 3400 1534 3455; x_wconf 89' lang='lat' dir='ltr'>recogno·</span> 
     </span>
     <span class='ocr_line' id='line_1_28' title="bbox 484 3469 1534 3540; baseline -0.001 -18"><span class='ocrx_word' id='word_1_228' title='bbox 484 3473 502 3494; x_wconf 89' lang='grc'>“</span> <span class='ocrx_word' id='word_1_229' title='bbox 522 3476 643 3534; x_wconf 78' lang='lat' dir='ltr'>verunt3</span> <span class='ocrx_word' id='word_1_230' title='bbox 675 3476 705 3524; x_wconf 88' lang='lat' dir='ltr'>ot</span> <span class='ocrx_word' id='word_1_231' title='bbox 733 3470 873 3540; x_wconf 71' lang='lat' dir='ltr'>praestitis</span> <span class='ocrx_word' id='word_1_232' title='bbox 903 3470 940 3523; x_wconf 89' lang='lat' dir='ltr'>ab</span> <span class='ocrx_word' id='word_1_233' title='bbox 970 3470 1012 3524; x_wconf 91' lang='lat' dir='ltr'>eis</span> <span class='ocrx_word' id='word_1_234' title='bbox 1043 3469 1135 3532; x_wconf 90' lang='lat' dir='ltr'>nobis,</span> <span class='ocrx_word' id='word_1_235' title='bbox 1167 3475 1305 3538; x_wconf 87' lang='lat' dir='ltr'>tanquam</span> <span class='ocrx_word' id='word_1_236' title='bbox 1332 3469 1475 3539; x_wconf 90' lang='lat' dir='ltr'>superiori</span> <span class='ocrx_word' id='word_1_237' title='bbox 1504 3473 1534 3522; x_wconf 89' lang='lat' dir='ltr'>et</span> 
     </span>
     <span class='ocr_line' id='line_1_29' title="bbox 484 3552 1533 3623; baseline 0 -17"><span class='ocrx_word' id='word_1_238' title='bbox 484 3556 502 3578; x_wconf 73' lang='lat'>‘⁸</span> <span class='ocrx_word' id='word_1_239' title='bbox 522 3552 633 3607; x_wconf 89' lang='lat' dir='ltr'>directo</span> <span class='ocrx_word' id='word_1_240' title='bbox 661 3552 777 3607; x_wconf 90' lang='lat' dir='ltr'>domino</span> <span class='ocrx_word' id='word_1_241' title='bbox 802 3553 916 3617; x_wconf 74' lang='lat' dir='ltr'>Scotiae,</span> <span class='ocrx_word' id='word_1_242' title='bbox 943 3553 1049 3607; x_wconf 87' lang='lat' dir='ltr'>debitis</span> <span class='ocrx_word' id='word_1_243' title='bbox 1068 3560 1098 3607; x_wconf 87' lang='lat' dir='ltr'>et</span> <span class='ocrx_word' id='word_1_244' title='bbox 1118 3553 1264 3607; x_wconf 86' lang='lat' dir='ltr'>consuetis</span> <span class='ocrx_word' id='word_1_245' title='bbox 1283 3552 1432 3607; x_wconf 79' lang='lat' dir='ltr'>fidelitatis</span> <span class='ocrx_word' id='word_1_246' title='bbox 1452 3553 1533 3623; x_wconf 80' lang='lat' dir='ltr'>juru-</span> 
     </span>
     <span class='ocr_line' id='line_1_30' title="bbox 484 3636 1532 3707; baseline 0.002 -18"><span class='ocrx_word' id='word_1_247' title='bbox 484 3641 502 3662; x_wconf 86' lang='lat'>¹‘</span> <span class='ocrx_word' id='word_1_248' title='bbox 521 3636 636 3701; x_wconf 89' lang='lat' dir='ltr'>mentis,</span> <span class='ocrx_word' id='word_1_249' title='bbox 668 3655 702 3691; x_wconf 87' lang='lat' dir='ltr'>ac</span> <span class='ocrx_word' id='word_1_250' title='bbox 731 3637 908 3701; x_wconf 74' lang='lat' dir='ltr'>civitatibus,</span> <span class='ocrx_word' id='word_1_251' title='bbox 947 3636 1058 3707; x_wconf 84' lang='lat' dir='ltr'>burgis,</span> <span class='ocrx_word' id='word_1_252' title='bbox 1096 3637 1185 3700; x_wconf 77' lang='lat' dir='ltr'>villis,</span> <span class='ocrx_word' id='word_1_253' title='bbox 1217 3637 1330 3701; x_wconf 87' lang='lat' dir='ltr'>castris,</span> <span class='ocrx_word' id='word_1_254' title='bbox 1361 3645 1391 3691; x_wconf 89' lang='lat' dir='ltr'>et</span> <span class='ocrx_word' id='word_1_255' title='bbox 1420 3636 1532 3692; x_wconf 72' lang='lat' dir='ltr'>caeteris</span> 
     </span>
     <span class='ocr_line' id='line_1_31' title="bbox 484 3719 1533 3791; baseline 0.004 -19"><span class='ocrx_word' id='word_1_256' title='bbox 484 3719 718 3774; x_wconf 86' lang='lat' dir='ltr'>“mansionibus</span> <span class='ocrx_word' id='word_1_257' title='bbox 749 3720 880 3790; x_wconf 91' lang='lat' dir='ltr'>ejusdem</span> <span class='ocrx_word' id='word_1_258' title='bbox 909 3721 1004 3791; x_wconf 89' lang='lat' dir='ltr'>regni,</span> <span class='ocrx_word' id='word_1_259' title='bbox 1036 3721 1066 3774; x_wconf 92' lang='lat' dir='ltr'>in</span> <span class='ocrx_word' id='word_1_260' title='bbox 1095 3739 1183 3775; x_wconf 82' lang='lat' dir='ltr'>manu</span> <span class='ocrx_word' id='word_1_261' title='bbox 1213 3728 1311 3776; x_wconf 85' lang='lat' dir='ltr'>nostra</span> <span class='ocrx_word' id='word_1_262' title='bbox 1340 3720 1466 3785; x_wconf 84' lang='lat' dir='ltr'>traditis,</span> <span class='ocrx_word' id='word_1_263' title='bbox 1497 3719 1533 3775; x_wconf 89' lang='lat' dir='ltr'>ad</span> 
     </span>
     <span class='ocr_line' id='line_1_32' title="bbox 484 3803 1532 3876; baseline 0.003 -20"><span class='ocrx_word' id='word_1_264' title='bbox 484 3803 684 3857; x_wconf 89' lang='lat' dir='ltr'>“custodiam</span> <span class='ocrx_word' id='word_1_265' title='bbox 723 3804 854 3874; x_wconf 84' lang='lat' dir='ltr'>ejusdem</span> <span class='ocrx_word' id='word_1_266' title='bbox 891 3806 974 3874; x_wconf 88' lang='lat' dir='ltr'>regni</span> <span class='ocrx_word' id='word_1_267' title='bbox 1013 3812 1106 3859; x_wconf 88' lang='lat' dir='ltr'>certos</span> <span class='ocrx_word' id='word_1_268' title='bbox 1143 3806 1178 3858; x_wconf 91' lang='lat' dir='ltr'>dc</span> <span class='ocrx_word' id='word_1_269' title='bbox 1211 3807 1278 3875; x_wconf 87' lang='lat' dir='ltr'>jure</span> <span class='ocrx_word' id='word_1_270' title='bbox 1315 3815 1414 3860; x_wconf 87' lang='lat' dir='ltr'>nostro</span> <span class='ocrx_word' id='word_1_271' title='bbox 1450 3805 1532 3876; x_wconf 88' lang='lat' dir='ltr'>regio</span> 
     </span>
     <span class='ocr_line' id='line_1_33' title="bbox 485 3886 1531 3961; baseline 0.003 -22"><span class='ocrx_word' id='word_1_272' title='bbox 485 3886 659 3941; x_wconf 82' lang='lat' dir='ltr'>“officiales</span> <span class='ocrx_word' id='word_1_273' title='bbox 690 3894 720 3941; x_wconf 91' lang='lat' dir='ltr'>et</span> <span class='ocrx_word' id='word_1_274' title='bbox 748 3888 898 3942; x_wconf 88' lang='lat' dir='ltr'>ministros</span> <span class='ocrx_word' id='word_1_275' title='bbox 931 3886 1144 3959; x_wconf 84' lang='lat' dir='ltr'>deputavimus.</span> <span class='ocrx_word' id='word_1_276' title='bbox 1178 3890 1283 3959; x_wconf 88' lang='lat' dir='ltr'>quibus</span> <span class='ocrx_word' id='word_1_277' title='bbox 1314 3889 1370 3960; x_wconf 87' lang='lat' dir='ltr'>ipsi</span> <span class='ocrx_word' id='word_1_278' title='bbox 1403 3896 1531 3961; x_wconf 90' lang='lat' dir='ltr'>tempore</span> 
     </span>
     <span class='ocr_line' id='line_1_34' title="bbox 484 3971 1531 4041; baseline 0.001 -15"><span class='ocrx_word' id='word_1_279' title='bbox 484 3971 681 4026; x_wconf 85' lang='lat' dir='ltr'>“vacationis</span> <span class='ocrx_word' id='word_1_280' title='bbox 711 3971 799 4041; x_wconf 89' lang='lat' dir='ltr'>hujus</span> <span class='ocrx_word' id='word_1_281' title='bbox 829 3972 1010 4027; x_wconf 88' lang='lat' dir='ltr'>concorditer</span> <span class='ocrx_word' id='word_1_282' title='bbox 1039 3973 1154 4027; x_wconf 86' lang='lat' dir='ltr'>fuerant</span> <span class='ocrx_word' id='word_1_283' title='bbox 1185 3973 1361 4037; x_wconf 86' lang='lat' dir='ltr'>obedientes,</span> <span class='ocrx_word' id='word_1_284' title='bbox 1392 3979 1423 4028; x_wconf 88' lang='lat' dir='ltr'>ct</span> <span class='ocrx_word' id='word_1_285' title='bbox 1441 3976 1531 4029; x_wconf 90' lang='lat' dir='ltr'>inten-</span> 
     </span>
     <span class='ocr_line' id='line_1_35' title="bbox 484 4055 1531 4127; baseline 0.004 -19"><span class='ocrx_word' id='word_1_286' title='bbox 484 4059 503 4081; x_wconf 87' lang='grc'><em>“</em></span> <span class='ocrx_word' id='word_1_287' title='bbox 523 4055 623 4109; x_wconf 86' lang='lat' dir='ltr'>dentes</span> <span class='ocrx_word' id='word_1_288' title='bbox 648 4055 739 4125; x_wconf 90' lang='lat' dir='ltr'>regiis</span> <span class='ocrx_word' id='word_1_289' title='bbox 769 4056 876 4110; x_wconf 87' lang='lat' dir='ltr'>nostris</span> <span class='ocrx_word' id='word_1_290' title='bbox 906 4058 1059 4127; x_wconf 68' lang='lat' dir='ltr'>praeceptis</span> <span class='ocrx_word' id='word_1_291' title='bbox 1086 4065 1115 4111; x_wconf 86' lang='lat' dir='ltr'>et</span> <span class='ocrx_word' id='word_1_292' title='bbox 1142 4057 1294 4112; x_wconf 85' lang='lat' dir='ltr'>mandatis.</span> <span class='ocrx_word' id='word_1_293' title='bbox 1344 4058 1531 4114; x_wconf 91' lang='lat' dir='ltr'>Postmodum</span> 
     </span>
     <span class='ocr_line' id='line_1_36' title="bbox 484 4138 1531 4213; baseline 0.001 -19"><span class='ocrx_word' id='word_1_294' title='bbox 484 4146 502 4166; x_wconf 78' lang='lat'>‘⁴</span> <span class='ocrx_word' id='word_1_295' title='bbox 523 4146 630 4201; x_wconf 87' lang='lat' dir='ltr'>autern,</span> <span class='ocrx_word' id='word_1_296' title='bbox 668 4138 792 4193; x_wconf 70' lang='lat' dir='ltr'>diversae</span> <span class='ocrx_word' id='word_1_297' title='bbox 834 4158 964 4210; x_wconf 78' lang='lat' dir='ltr'>perseum</span> <span class='ocrx_word' id='word_1_298' title='bbox 1008 4159 1096 4213; x_wconf 86' lang='lat' dir='ltr'>snper</span> <span class='ocrx_word' id='word_1_299' title='bbox 1139 4143 1320 4196; x_wconf 85' lang='lat' dir='ltr'>successione</span> <span class='ocrx_word' id='word_1_300' title='bbox 1356 4143 1387 4196; x_wconf 91' lang='lat' dir='ltr'>in</span> <span class='ocrx_word' id='word_1_301' title='bbox 1422 4143 1531 4197; x_wconf 88' lang='lat' dir='ltr'>dictum</span> 
     </span>
     <span class='ocr_line' id='line_1_37' title="bbox 484 4222 1529 4294; baseline 0.005 -17"><span class='ocrx_word' id='word_1_302' title='bbox 484 4230 502 4250; x_wconf 85' lang='lat'>·‘</span> <span class='ocrx_word' id='word_1_303' title='bbox 524 4240 648 4294; x_wconf 81' lang='lat' dir='ltr'>reguum</span> <span class='ocrx_word' id='word_1_304' title='bbox 685 4222 790 4278; x_wconf 82' lang='lat' dir='ltr'>Scotiae</span> <span class='ocrx_word' id='word_1_305' title='bbox 823 4223 892 4294; x_wconf 86' lang='lat' dir='ltr'>jure</span> <span class='ocrx_word' id='word_1_306' title='bbox 924 4224 1109 4281; x_wconf 67' lang='lat' dir='ltr'>hereditario</span> <span class='ocrx_word' id='word_1_307' title='bbox 1146 4226 1222 4280; x_wconf 85' lang='lat' dir='ltr'>inter</span> <span class='ocrx_word' id='word_1_308' title='bbox 1255 4242 1285 4279; x_wconf 90' lang='lat' dir='ltr'>sc</span> <span class='ocrx_word' id='word_1_309' title='bbox 1316 4226 1529 4289; x_wconf 88' lang='lat' dir='ltr'>contendentes,</span> 
     </span>
     <span class='ocr_line' id='line_1_38' title="bbox 483 4307 1529 4381; baseline 0.004 -19"><span class='ocrx_word' id='word_1_310' title='bbox 483 4311 501 4333; x_wconf 77' lang='lat'>‘⁶</span> <span class='ocrx_word' id='word_1_311' title='bbox 521 4308 559 4362; x_wconf 90' lang='lat' dir='ltr'>ad</span> <span class='ocrx_word' id='word_1_312' title='bbox 588 4326 649 4372; x_wconf 87' lang='lat' dir='ltr'>nos,</span> <span class='ocrx_word' id='word_1_313' title='bbox 681 4314 819 4378; x_wconf 86' lang='lat' dir='ltr'>tanquam</span> <span class='ocrx_word' id='word_1_314' title='bbox 848 4307 885 4361; x_wconf 88' lang='lat' dir='ltr'>ad</span> <span class='ocrx_word' id='word_1_315' title='bbox 915 4310 1094 4379; x_wconf 87' lang='lat' dir='ltr'>superiorem</span> <span class='ocrx_word' id='word_1_316' title='bbox 1124 4310 1271 4364; x_wconf 88' lang='lat' dir='ltr'>dominum</span> <span class='ocrx_word' id='word_1_317' title='bbox 1301 4310 1385 4381; x_wconf 87' lang='lat' dir='ltr'>regni</span> <span class='ocrx_word' id='word_1_318' title='bbox 1416 4310 1529 4374; x_wconf 80' lang='lat' dir='ltr'>Scotiae,</span> 
     </span>
     <span class='ocr_line' id='line_1_39' title="bbox 484 4394 1531 4465; baseline 0 -17"><span class='ocrx_word' id='word_1_319' title='bbox 484 4397 502 4419; x_wconf 82' lang='lat'>¹⁶</span> <span class='ocrx_word' id='word_1_320' title='bbox 521 4401 721 4458; x_wconf 79' lang='lat' dir='ltr'>acccsscruut3</span> <span class='ocrx_word' id='word_1_321' title='bbox 748 4398 880 4464; x_wconf 88' lang='lat' dir='ltr'>petentes</span> <span class='ocrx_word' id='word_1_322' title='bbox 906 4411 993 4465; x_wconf 85' lang='lat' dir='ltr'>super</span> <span class='ocrx_word' id='word_1_323' title='bbox 1018 4395 1198 4449; x_wconf 90' lang='lat' dir='ltr'>successione</span> <span class='ocrx_word' id='word_1_324' title='bbox 1223 4395 1306 4465; x_wconf 86' lang='lat' dir='ltr'>regui</span> <span class='ocrx_word' id='word_1_325' title='bbox 1325 4395 1458 4465; x_wconf 79' lang='lat' dir='ltr'>praedicti</span> <span class='ocrx_word' id='word_1_326' title='bbox 1476 4394 1531 4451; x_wconf 91' lang='lat' dir='ltr'>sibi</span> 
     </span>
     <span class='ocr_line' id='line_1_40' title="bbox 484 4477 1531 4550; baseline 0.004 -19"><span class='ocrx_word' id='word_1_327' title='bbox 484 4480 574 4547; x_wconf 84' lang='lat' dir='ltr'>“per</span> <span class='ocrx_word' id='word_1_328' title='bbox 600 4497 652 4533; x_wconf 90' lang='lat' dir='ltr'>nos</span> <span class='ocrx_word' id='word_1_329' title='bbox 678 4477 808 4533; x_wconf 83' lang='lat' dir='ltr'>exhiberi</span> <span class='ocrx_word' id='word_1_330' title='bbox 829 4477 956 4548; x_wconf 86' lang='lat' dir='ltr'>justitiae</span> <span class='ocrx_word' id='word_1_331' title='bbox 982 4479 1234 4550; x_wconf 87' lang='lat' dir='ltr'>complementum,</span> <span class='ocrx_word' id='word_1_332' title='bbox 1262 4479 1402 4545; x_wconf 73' lang='lat' dir='ltr'>volentes,</span> <span class='ocrx_word' id='word_1_333' title='bbox 1428 4484 1460 4535; x_wconf 91' lang='lat' dir='ltr'>et</span> <span class='ocrx_word' id='word_1_334' title='bbox 1485 4497 1531 4534; x_wconf 85' lang='lat' dir='ltr'>ex·</span> 
     </span>
     <span class='ocr_line' id='line_1_41' title="bbox 484 4562 1531 4635; baseline 0.004 -22"><span class='ocrx_word' id='word_1_335' title='bbox 484 4563 503 4585; x_wconf 83' lang='lat'>‘¹</span> <span class='ocrx_word' id='word_1_336' title='bbox 523 4578 621 4630; x_wconf 88' lang='lat' dir='ltr'>presse</span> <span class='ocrx_word' id='word_1_337' title='bbox 639 4562 850 4618; x_wconf 86' lang='lat' dir='ltr'>consentientes</span> <span class='ocrx_word' id='word_1_338' title='bbox 876 4580 973 4617; x_wconf 89' lang='lat' dir='ltr'>coram</span> <span class='ocrx_word' id='word_1_339' title='bbox 998 4563 1090 4627; x_wconf 90' lang='lat' dir='ltr'>nobis,</span> <span class='ocrx_word' id='word_1_340' title='bbox 1110 4570 1248 4634; x_wconf 87' lang='lat' dir='ltr'>tanquam</span> <span class='ocrx_word' id='word_1_341' title='bbox 1274 4582 1370 4618; x_wconf 89' lang='lat' dir='ltr'>coram</span> <span class='ocrx_word' id='word_1_342' title='bbox 1388 4562 1531 4635; x_wconf 83' lang='lat' dir='ltr'>superiori</span> 
     </span>
     <span class='ocr_line' id='line_1_42' title="bbox 484 4645 1528 4719; baseline 0.005 -23"><span class='ocrx_word' id='word_1_343' title='bbox 484 4646 503 4669; x_wconf 81' lang='lat'>⁴⁶</span> <span class='ocrx_word' id='word_1_344' title='bbox 523 4651 553 4698; x_wconf 87' lang='lat' dir='ltr'>et</span> <span class='ocrx_word' id='word_1_345' title='bbox 564 4645 674 4700; x_wconf 81' lang='lat' dir='ltr'>directo</span> <span class='ocrx_word' id='word_1_346' title='bbox 686 4645 810 4712; x_wconf 91' lang='lat' dir='ltr'>domino,</span> <span class='ocrx_word' id='word_1_347' title='bbox 822 4645 853 4700; x_wconf 91' lang='lat' dir='ltr'>in</span> <span class='ocrx_word' id='word_1_348' title='bbox 865 4647 999 4701; x_wconf 85' lang='lat' dir='ltr'>omnibus</span> <span class='ocrx_word' id='word_1_349' title='bbox 1011 4646 1177 4702; x_wconf 88' lang='lat' dir='ltr'>ordinandis</span> <span class='ocrx_word' id='word_1_350' title='bbox 1191 4655 1267 4704; x_wconf 83' lang='lat' dir='ltr'>stare</span> <span class='ocrx_word' id='word_1_351' title='bbox 1280 4657 1310 4703; x_wconf 86' lang='lat' dir='ltr'>ct</span> <span class='ocrx_word' id='word_1_352' title='bbox 1321 4649 1528 4719; x_wconf 85' lang='lat' dir='ltr'>obtemperare.</span> 
     </span>
    </p>
   </div>
   <div class='ocr_carea' id='block_1_3' title="bbox 516 4955 1525 5110">
    <p class='ocr_par' dir='ltr' id='par_1_3' title="bbox 516 4955 1525 5110">
     <span class='ocr_line' id='line_1_43' title="bbox 518 4955 1525 5033; baseline 0.011 -29"><span class='ocrx_word' id='word_1_353' title='bbox 518 4958 523 4987; x_wconf 88' lang='lat'><strong>¹</strong></span> <span class='ocrx_word' id='word_1_354' title='bbox 545 4955 721 5007; x_wconf 75' lang='lat' dir='ltr'>Aderundtum</span> <span class='ocrx_word' id='word_1_355' title='bbox 734 4961 759 5009; x_wconf 87' lang='lat' dir='ltr'>in</span> <span class='ocrx_word' id='word_1_356' title='bbox 771 4961 835 5027; x_wconf 87' lang='lat' dir='ltr'>orig.</span> <span class='ocrx_word' id='word_1_357' title='bbox 999 4973 1003 5033; x_wconf 61' lang='grc' dir='ltr'><strong>ᾗ</strong></span> <span class='ocrx_word' id='word_1_358' title='bbox 1063 4966 1072 4991; x_wconf 75' lang='lat'>³</span> <span class='ocrx_word' id='word_1_359' title='bbox 1089 4971 1111 5012; x_wconf 83' lang='lat' dir='ltr'>el</span> <span class='ocrx_word' id='word_1_360' title='bbox 1122 4971 1294 5012; x_wconf 69' lang='lat' dir='ltr'>antemnarum</span> <span class='ocrx_word' id='word_1_361' title='bbox 1303 4972 1436 5014; x_wconf 68' lang='lat' dir='ltr'>sosimus</span> <span class='ocrx_word' id='word_1_362' title='bbox 1447 4965 1475 5015; x_wconf 91' lang='lat' dir='ltr'>in</span> <span class='ocrx_word' id='word_1_363' title='bbox 1483 4963 1525 5014; x_wconf 84' lang='lat' dir='ltr'>the</span> 
     </span>
     <span class='ocr_line' id='line_1_44' title="bbox 516 5035 1478 5110; baseline 0.008 -23"><span class='ocrx_word' id='word_1_364' title='bbox 516 5039 526 5068; x_wconf 79' lang='lat'>²</span> <span class='ocrx_word' id='word_1_365' title='bbox 541 5035 690 5087; x_wconf 66' lang='lat' dir='ltr'>Alexander</span> <span class='ocrx_word' id='word_1_366' title='bbox 701 5038 728 5088; x_wconf 92' lang='lat' dir='ltr'>in</span> <span class='ocrx_word' id='word_1_367' title='bbox 739 5040 803 5104; x_wconf 83' lang='lat' dir='ltr'>orig.</span> <span class='ocrx_word' id='word_1_368' title='bbox 998 5036 1003 5105; x_wconf 92' lang='grc' dir='ltr'>Ι</span> <span class='ocrx_word' id='word_1_369' title='bbox 1029 5043 1128 5106; x_wconf 82' lang='lat' dir='ltr'>printed</span> <span class='ocrx_word' id='word_1_370' title='bbox 1139 5051 1214 5104; x_wconf 79' lang='lat' dir='ltr'>texts,</span> <span class='ocrx_word' id='word_1_371' title='bbox 1230 5048 1280 5095; x_wconf 81' lang='lat' dir='ltr'>ard</span> <span class='ocrx_word' id='word_1_372' title='bbox 1291 5044 1317 5092; x_wconf 92' lang='lat' dir='ltr'>iu</span> <span class='ocrx_word' id='word_1_373' title='bbox 1331 5044 1478 5110; x_wconf 81' lang='lat' dir='ltr'>Rishangcr.</span> 
     </span>
    </p>
   </div>
   <div class='ocr_carea' id='block_1_4' title="bbox 0 0 1880 6246">
    <p class='ocr_par' dir='ltr' id='par_1_4' title="bbox 0 0 1880 6246">
     <span class='ocr_line' id='line_1_45' title="bbox 0 0 1880 6246; baseline 0 0"><span class='ocrx_word' id='word_1_374' title='bbox 0 0 1880 6246; x_wconf 95' lang='lat' dir='ltr'> </span> 
     </span>
    </p>
   </div>
  </div>
 </body>
</html>
