3750 6250
659 1102 824 1152 maroam
838 1099 1049 1152 saomcsm.
1332 1080 1374 1146 13

199 1282 311 1404 Ἢ·
302 1284 546 1357 ·Quarstiouibus
575 1286 732 1359 disputatis
762 1286 799 1343 de
816 1286 961 1343 Veritate
1011 1283 1139 1356 Scripsit
1164 1285 1195 1339 et
1219 1279 1458 1337 seomdamau
1473 1283 1546 1335 12⁷⁴.

328 1378 443 1444 partem
461 1371 498 1427 de
516 1371 732 1441 Quoestionibus
750 1371 906 1442 disputatis
925 1369 961 1424 de
973 1368 1108 1424 Potentia
1125 1366 1191 1432 Dei,
1213 1371 1244 1421 et
1260 1365 1378 1422 tertiam

199 1422 265 1538 {2⁸
328 1462 443 1568 partem
461 1454 498 1510 de
516 1454 732 1525 Quaestionibus
763 1455 931 1528 disputatis,
955 1470 1081 1525 quarum
1103 1452 1222 1508 initium
1247 1452 1319 1506 est‘
1324 1448 1378 1505 ‘de

330 1539 570 1596 “Virtutibusss'
619 1540 706 1607 Item,
726 1545 827 1596 contra
846 1538 978 1594 Gentiles
997 1543 1122 1609 quatuor
1139 1534 1231 1591 libros
1249 1534 1376 1606 scripsit.

329 1624 417 1690 Item,
438 1623 590 1680 Summum
602 1624 780 1696 Theologiae,
795 1641 883 1696 quam
903 1624 935 1678 in
953 1628 1014 1678 tres
1031 1627 1130 1694 partes
1148 1621 1267 1687 divisit,
1287 1625 1318 1674 et
1335 1636 1380 1675 se·

329 1708 465 1774 condam,
484 1710 516 1764 iu
533 1708 617 1765 duas.
665 1708 725 1764 Sed
742 1716 836 1764 morte
854 1712 1023 1780 praeventus
1041 1706 1160 1762 tertiam
1177 1724 1236 1761 non
1253 1705 1380 1775 comple·

330 1793 383 1849 vit.
421 1792 552 1863 Quatuor
563 1792 737 1864 Evangelia,
751 1794 920 1849 continuata
934 1791 1113 1863 expositione
1131 1791 1168 1845 de
1185 1790 1272 1845 dictis
1292 1788 1379 1844 Sanc·

329 1883 437 1941 torum,
458 1876 612 1948 glossavit.
648 1875 801 1932 Litteralis
820 1877 910 1931 etiam
928 1875 1118 1947 expositionis
1148 1874 1180 1929 in
1205 1873 1262 1928 Job
1289 1871 1382 1927 edidit

329 1958 438 2015 librum
450 1977 552 2015 unum.
589 1958 742 2031 Multaque
763 1959 823 2014 alia
842 1960 970 2032 scripsit,
984 1960 1022 2014 ad
1033 1959 1191 2014 utilitatem
1209 1956 1380 2028 legentium,

330 2062 395 2115 quaa
423 2043 551 2113 diligens
581 2043 674 2099 lector
702 2043 835 2099 invenire
861 2044 972 2115 poterit
1000 2043 1150 2099 intitulata
1174 2043 1206 2097 in
1230 2039 1382 2097 Chronicis

329 2127 467 2184 Richolai
482 2126 635 2197 ''hyvetb
674 2127 829 2183 Sanctitati
841 2144 911 2184 vero
929 2128 1023 2199 ipsius
1041 2145 1059 2183 a
1075 2128 1145 2183 vitre
1162 2126 1277 2182 meritis
1295 2129 1384 2180 attes-

329 2218 430 2268 tantur
457 2211 609 2276 miracula,
631 2229 697 2283 quse
721 2218 789 2284 post
810 2212 875 2284 ejus
899 2212 1066 2277 transitum,
1092 2212 1172 2268 etin
1188 2211 1251 2266 vita
1276 2209 1381 2282 ipsius,

330 2296 458 2368 plurima
475 2296 671 2367 contigerunt.
725 2296 821 2352 Nocte
847 2314 918 2352 vero
945 2297 1019 2369 ipsa,
1046 2313 1104 2367 qua
1130 2295 1166 2351 de
1192 2295 1248 2350 hoc
1274 2293 1383 2349 maudo

331 2380 457 2445 trsursiit,
480 2381 617 2452 apparuit
633 2382 665 2436 iu
682 2382 802 2437 somnis
818 2398 959 2454 germano
984 2399 1046 2446 suo,
1068 2380 1177 2437 comiti
1195 2380 1232 2436 de
1253 2380 1380 2452 Aquino,

333 2464 363 2520 iu
378 2464 481 2520 habitu
499 2463 621 2520 Ordinis
639 2465 695 2530 sui,
716 2466 834 2521 tradens
853 2465 1000 2521 eidemin
1017 2483 1106 2521 manu
1130 2466 1260 2521 litteram
1282 2481 1382 2537 quam·

333 2548 399 2605 dam
417 2549 556 2604 clausam.
595 2547 652 2617 Qui
664 2549 723 2604 cito
735 2556 802 2621 post
813 2550 966 2613 excitatus,
980 2568 1048 2606 cum
1061 2549 1187 2605 sentiret
1204 2567 1236 2605 se
1253 2550 1383 2604 litteram

333 2632 439 2689 habere
457 2633 488 2686 in
506 2631 649 2696 manibus,
675 2633 869 2687 camerarium
888 2651 975 2688 suum
993 2634 1155 2699 advocavit,
1171 2633 1319 2704 jussitque
1337 2632 1382 2687 lu·

334 2734 400 2772 men
417 2717 553 2773 celeriter
571 2722 744 2788 apportare;
765 2733 823 2788 quo
841 2717 939 2782 allato,
967 2718 1097 2773 litteram
1113 2717 1247 2789 aperiens
1270 2716 1383 2772 invenit

335 2800 374 2855 ibi
392 2801 489 2856 aureis
508 2800 652 2872 apicibus,
667 2816 753 2854 omne
771 2801 933 2856 humanum
951 2802 1110 2857 artificium
1129 2819 1183 2858 sua
1200 2801 1382 2878 formositate

335 2884 548 2948 excedentibus,
574 2884 630 2938 hoc
657 2884 843 2954 inscriptum,
866 2887 885 2910 “
904 2885 1002 2941 Hodie
1021 2886 1115 2941 factus
1135 2903 1200 2940 snm
1219 2884 1328 2940 Doctor
1353 2885 1384 2938 in

337 2970 355 2994 “
373 2967 566 3024 Ierusalem.”
623 2967 804 3023 conservata
837 2969 936 3040 itaque
964 2969 1073 3034 littera,
1105 2987 1159 3041 per
1193 2969 1315 3023 nuncios
1346 2968 1384 3023 sd

335 3051 541 3125 inquirendum
563 3050 599 3105 de
622 3056 701 3106 statu
728 3070 782 3107 suo
809 3052 925 3117 missos,
950 3052 1049 3123 ipsum
1079 3051 1181 3107 eadem
1208 3058 1292 3108 nocte
1323 3069 1382 3123 qua

335 3137 468 3210 apparuit
486 3136 553 3199 sibi,
571 3136 766 3207 compariter
785 3137 839 3192 hac
856 3137 922 3192 luce
941 3137 1095 3208 migrasse.

369 3221 431 3276 Sub
449 3219 560 3275 eisdam
588 3219 692 3275 diebds
711 3219 805 3276 Gasco
824 3219 860 3275 de
879 3220 989 3275 Bierna
1007 3238 1025 3275 a
1041 3220 1125 3292 Rege
1145 3220 1311 3292 Auglorum
1330 3218 1379 3275 ob·
1396 3233 1491 3286 amon
1503 3233 1535 3285 de

336 3323 442 3371 sessus,
464 3322 541 3368 cum,
564 3305 643 3359 omni
657 3305 721 3375 jam
737 3305 787 3359 via
805 3303 946 3359 evadendi
965 3304 1023 3359 sibi
1045 3304 1198 3376 praeclusa,
1219 3303 1382 3361 attenderet
1395 3301 1495 3353 Bitme·

336 3395 474 3445 rem'esse
492 3388 525 3443 iu
541 3387 654 3443 foribus
667 3386 755 3443 atad
773 3387 952 3443 deditionem
970 3396 1134 3459 cogeretur,
1155 3406 1243 3460 super
1263 3388 1381 3460 negotio

336 3473 413 3546 quod
437 3473 515 3527 inter
539 3470 652 3541 Regem
680 3470 857 3526 Edwardum
884 3479 914 3527 et
940 3472 1038 3543 ipsum
1055 3472 1233 3537 vertebatur,
1254 3472 1381 3544 appella·

335 3559 442 3613 tionem
460 3555 620 3627 interponit
637 3554 674 3609 ad
693 3553 814 3610 Curiam
832 3555 923 3627 Regis
943 3556 1130 3611 Francorum.
1175 3555 1231 3612 Cui
1250 3555 1383 3612 deserens

336 3640 396 3696 Rex
423 3638 595 3703 Edwardus,
615 3638 715 3694 nolens
733 3638 847 3710 Regem
866 3639 1055 3706 Francorum,
1076 3657 1164 3711 quem
1181 3657 1274 3712 nuper
1292 3640 1384 3696 domi·

336 3742 405 3780 uum
417 3741 505 3779 suum
516 3740 570 3794 pro
581 3722 671 3778 terris
683 3723 715 3777 in
727 3722 852 3778 Francia
868 3731 1087 3795 recognoverat,
1102 3731 1203 3780 contra
1220 3742 1252 3780 se
1270 3732 1385 3796 partem

336 3808 440 3873 iacere,
455 3807 696 3862 dissentientibus
714 3806 817 3862 multis
835 3806 872 3861 de
891 3808 963 3872 suis,
978 3808 1159 3864 obsidionem
1177 3809 1307 3864 amoveri
1321 3808 1385 3881 jus·

337 3892 383 3957 sit,
410 3890 553 3946 ministris
581 3890 643 3945 suis
669 3891 864 3955 committens,
896 3896 930 3946 ut
955 3892 985 3946 in
1013 3891 1104 3948 Curia
1127 3892 1220 3963 Regis
1254 3893 1385 3948 Francia

337 3992 454 4031 causam
483 3980 731 4047 prosequerentur
761 3980 863 4029 contra
892 3973 1063 4030 Gascouem.
1113 3976 1227 4047 Inque
1256 3975 1384 4041 taudem,

337 4059 484 4132 injuriosas
527 4050 697 4112 rebellionis
747 4058 898 4114 convictus
945 4077 998 4130 per
1040 4059 1153 4130 Regem
1196 4059 1385 4125 Francorum,

338 4142 428 4215 Regis
449 4141 566 4213 Anglioe
584 4139 739 4196 adducitur
762 4141 916 4197 voluntati.
962 4141 1122 4198 Edwardas
1140 4142 1212 4208 Rex,
1232 4151 1386 4216 postquam

338 4225 517 4282 obsidionem
541 4222 704 4289 dimiserat,
726 4224 868 4280 ordinatis
894 4243 948 4298 pro
975 4227 1100 4282 articulo
1123 4228 1265 4299 temporis
1296 4228 1386 4283 rebus

338 4309 508 4373 Wasconioe,
528 4309 560 4363 iu
576 4308 716 4379 Angliam
734 4311 919 4382 properavit·
940 4310 992 4365 ubi
1018 4328 1036 4367 a
1059 4311 1138 4368 clero
1156 4319 1187 4367 et
1209 4312 1316 4383 populo
1340 4318 1387 4369 est

339 4399 471 4467 receptus
489 4409 556 4448 cum
575 4391 683 4463 gaudio
701 4393 866 4449 ethonore.

370 4476 525 4533 Dominiea
542 4493 613 4531 vero
630 4477 708 4531 inira
726 4476 851 4533 Octabas
868 4478 1089 4551 Assumptionis
1116 4479 1217 4535 Beatae
1238 4479 1383 4551 Virginis,
1400 4490 1554 4544 Gerounion

339 4561 368 4618 iu
385 4560 511 4617 ecelesia
521 4558 837 4626 westmonasteriensi,
851 4580 910 4617 uua
921 4581 988 4618 cum
1000 4562 1149 4628 Alienora,
1170 4571 1302 4620 consorte
1321 4582 1385 4631 sua,
1400 4558 1555 4610 θῖΕᾶΜ·

339 4645 509 4709 sRoberto,
536 4643 740 4700 Cantuariensi
766 4645 1005 4719 Archiepiscopo,
1034 4647 1188 4718 inungitur
1213 4649 1244 4703 iu
1261 4649 1384 4722 Regem,

340 4738 368 4784 at
384 4728 554 4784 solemniter
572 4735 736 4783 coronatum
775 4729 976 4785 Coronationis
996 4730 1173 4787 solemnitati
1192 4732 1388 4789 interfuerunt

341 4811 454 4884 Regina
479 4817 583 4876 mater,
606 4810 772 4871 Alexander
790 4813 854 4868 Rex
875 4813 1039 4880 Scotorum,
1067 4815 1193 4888 Duxque
1214 4817 1385 4883 Britannia,

341 4897 423 4952 ambo
444 4896 537 4968 Regis
562 4896 685 4963 sororii,
706 4913 773 4952 cum
791 4896 994 4964 Proelatorum,
1009 4899 1167 4965 Comitum,
1182 4906 1212 4956 et
1228 4901 1386 4967 Beronum,

674 5113 681 5142 ¹
703 5109 798 5163 Trioett
807 5112 834 5163 iu
844 5113 888 5164 the
899 5114 1000 5181 printed
1010 5124 1085 5171 texts.
