3750 6250
433 1053 476 1115 40
758 1065 887 1113 rneun
910 1061 1143 1114 transmeatu

264 1246 334 1300 AD.
348 1249 554 1305 sistentiam
578 1248 695 1305 finalem
719 1267 813 1321 usque
831 1249 862 1305 in
880 1251 988 1305 festum
1016 1248 1115 1306 Sancti
1138 1247 1303 1313 Michaelis,
1330 1246 1588 1319 ¹proxirnomffl

268 1663 392 1716 clamor

266 1731 456 1795 Bric,Kingu

266 1797 380 1848 ernon
328 1812 423 1863 orma

266 1864 347 1914 lethe

266 1928 442 1982 erenof‘

266 1996 444 2050 &octana

432 1340 502 1391 vent
503 1352 598 1400 urum,
618 1334 754 1389 differens
773 1334 984 1406 proferendam.

468 1418 512 1474 Eo
532 1425 672 1490 tompore,
700 1417 834 1484 'Ericen
857 1418 921 1474 Rex
943 1417 1120 1489 Norwagiae,
1139 1417 1220 1474 venit
1236 1434 1334 1473 coram
1352 1415 1485 1473 Consilio

433 1500 551 1557 Domini
569 1501 662 1573 Regis
680 1501 797 1574 Angliae
815 1520 868 1574 per
885 1508 1045 1559 attornatos
1059 1519 1136 1567 suos,
1157 1508 1186 1557 et
1203 1508 1269 1573 prot
1257 1501 1326 1557 tulit
1338 1468 1576 1570 quoddsmm

433 1587 575 1658 scriptum
592 1586 623 1640 in
640 1584 702 1641 haec
715 1586 817 1641 verba·
812 1609 857 1628 ·-

471 1670 650 1726 “Omnibus
693 1679 852 1742 praesentes
888 1669 1003 1726 litteras
1045 1669 1221 1742 inspecturis
1256 1668 1304 1724 vel
1340 1666 1488 1723 audituris

437 1756 573 1864 :papeat
599 1754 758 1819 evidenter,
779 1754 858 1825 quod
882 1773 945 1819 nos,
977 1754 1093 1819 Ericus,
1122 1754 1179 1809 Dei
1198 1755 1294 1824 gratia
1323 1752 1387 1807 Rex
1411 1751 1487 1807 Nor·

437 1840 587 1949 “wagrae,
607 1845 707 1894 tenore
731 1839 920 1933 preasentium
944 1838 1076 1902 fecimus,
1115 1838 1328 1902 constituimus,
1355 1843 1387 1891 et
1412 1835 1490 1890 ordi·

447 1923 616 1989 ‘narimua
649 1929 736 1995 prout
764 1921 836 1976 dc
823 1939 891 1994 Jura
916 1928 947 1977 ct
974 1922 1051 1977 facto
1077 1922 1182 1977 melius
1209 1922 1303 1977 facere
1328 1920 1488 1992 potuimus,

449 2008 589 2062 ‘nostros
618 2024 703 2061 veros
731 2011 761 2061 et
790 2006 939 2077 legitimos
967 2010 1135 2069 attornatos,
1171 2011 1202 2060 ct
1229 2010 1433 2082 procuratgres
1459 2008 1491 2056 ct

436 2091 595 2146 “nuncios
627 2089 778 2162 speciales,
806 2090 934 2144 nobilem
961 2090 1059 2145 virum
1082 2089 1239 2144 Aduenum
1264 2088 1300 2143 de
1328 2088 1425 2158 Hagr,
1459 2091 1492 2141 et

436 2174 652 2244 “Magistrum
675 2174 715 2228 H.
762 2173 923 2227 Plebanum
961 2172 1064 2243 plebis,
1093 2171 1129 2226 de
1157 2172 1326 2228 (iastillione
1351 2171 1493 2226 Arretino

437 2261 456 2285 “
477 2258 594 2313 Domini
612 2257 700 2328 Papae
718 2256 917 2328 Capelianum,
945 2264 975 2311 et
994 2256 1172 2327 Magistrum
1195 2254 1246 2309 ³P.
1272 2255 1428 2326 Algorum,
1455 2253 1494 2308 ad

438 2345 457 2368 “
476 2339 729 2413 *comperiendum
753 2358 807 2412 pre
824 2340 917 2404 nobis,
947 2346 977 2395 et
993 2341 1058 2395 vice
1081 2346 1188 2404 nostra,
1215 2356 1312 2394 coram
1338 2338 1493 2393 excellenti

437 2428 456 2452 ‘⁴
476 2425 621 2496 Principe,
636 2424 771 2491 Domino,
786 2424 841 2479 Dei
856 2426 964 2495 gratia,
978 2423 1131 2489 Eduardo,
1146 2423 1228 2493 Rege
1239 2422 1357 2493 Anglioe
1370 2422 1491 2485 illustri,

438 2512 458 2535 “
477 2515 508 2563 et
533 2510 676 2580 superiori
696 2508 813 2563 domino
839 2510 924 2578 regni
945 2508 1068 2574 scotiae,
1089 2513 1118 2563 ct
1135 2507 1173 2562 ad
1197 2505 1354 2579 petendum
1374 2506 1493 2561 nomine

407 2641 411 2653 ,
438 2595 458 2619 “
476 2599 584 2656 nostre,
615 2598 754 2663 tanquam
783 2609 835 2661 per
861 2592 1040 2662 superiorem
1070 2591 1219 2645 dominum
1254 2591 1339 2661 regni
1373 2590 1491 2654 Scene,

439 2678 458 2701 ⁴‘
477 2675 560 2730 nobis
579 2675 740 2746 adjudicari
759 2692 883 2745 regnum
902 2675 1009 2730 Scotiae
1028 2674 1237 2746 supradictum,
1264 2691 1331 2728 cum
1356 2672 1492 2728 omnibns

439 2762 458 2786 “
474 2759 592 2831 juribus
605 2766 635 2814 et
651 2759 836 2830 pertinentiis
855 2759 935 2824 suis3
959 2777 1024 2814 cum
1044 2760 1141 2830 ipsum
1152 2776 1277 2829 regnum
1294 2775 1347 2829 per
1364 2763 1490 2812 mortem

439 2846 458 2869 ‘⁸
478 2843 609 2897 Dominae
637 2841 821 2914 Margaretae,
850 2843 918 2897 filiae
944 2851 1060 2907 nostrae,
1081 2842 1151 2896 olim
1170 2841 1301 2896 Dominae
1320 2847 1350 2895 et
1367 2840 1492 2911 Regina)

439 2930 458 2953 ‘⁸
476 2927 561 2997 regui
581 2926 696 2991 Scotiae,
717 2926 757 2982 sit
771 2926 809 2981 ad
820 2944 872 2982 nos
887 2926 955 2996 jure
967 2925 1152 2981 haereditario
1166 2925 1334 2979 devolutum
1345 2924 1490 2994 legitime.

439 3012 458 3036 “
478 3010 563 3075 Item,
601 3009 639 3064 ad
666 3008 823 3081 petendum
853 3010 970 3064 nominc
999 3016 1098 3065 nostro
1134 3008 1295 3079 adjudicari
1330 3007 1424 3073 nobis,
1462 3011 1494 3062 et

439 3098 458 3121 ‘¹
477 3094 606 3168 praelatis
634 3095 786 3150 attornatis
812 3100 843 3150 et
866 3093 1102 3167 procuratoribus
1129 3094 1235 3149 nostris
1263 3091 1417 3164 assignari,
1438 3108 1492 3163 pro

438 3182 457 3206 “
476 3179 569 3245 nobis,
597 3180 710 3235 fructus
740 3186 770 3235 et
796 3179 928 3235 redditus
948 3180 1033 3250 regni
1060 3179 1165 3234 Scotiae
1193 3183 1317 3248 quatuor
1335 3193 1488 3240 ennomus,

438 3267 457 3291 “
477 3265 527 3335 qui
558 3265 703 3319 fluxerunt
727 3282 746 3319 a
771 3269 901 3335 temporo
931 3264 1034 3318 mortis
1065 3262 1183 3316 Domini
1210 3260 1377 3325 Alexandri,
1406 3260 1491 3316 bonae

438 3350 457 3374 ‘⁸
477 3350 633 3413 memorioe,
660 3347 805 3419 quondam
830 3348 922 3419 Regis
954 3347 1069 3411 Scotioe,
1096 3363 1189 3416 usque
1216 3345 1254 3400 ad
1283 3345 1360 3400 diem
1385 3345 1490 3399 mortis

438 3432 609 3486 “Dominae
638 3431 823 3503 Margaretae,
855 3432 923 3486 filia
953 3437 1068 3495 nostrae,
1100 3431 1170 3484 olim
1200 3430 1332 3484 Domime
1367 3428 1490 3499 Reginae

438 3518 458 3542 ‘⁸
479 3517 639 3580 Scotorum,
669 3518 719 3586 qui
746 3518 875 3587 percepti
903 3522 972 3570 sunt
989 3515 1035 3570 vel
1054 3516 1164 3587 percipi
1183 3520 1340 3584 potuerunt
1357 3513 1393 3567 do
1412 3512 1492 3569 dicto

439 3602 458 3625 ‘⁴
478 3617 577 3668 regno,
605 3618 673 3654 cum
699 3599 737 3654 ad
761 3618 813 3655 nos
840 3600 910 3654 dicti
938 3599 1051 3654 fructus
1077 3617 1128 3653 seu
1153 3598 1285 3654 redditus
1310 3598 1395 3668 pleno
1421 3598 1491 3669 jure

440 3685 459 3708 “
479 3684 657 3753 pertineaut;
694 3691 768 3748 tum,
815 3684 885 3754 qnia
920 3684 1030 3738 luimus
1076 3683 1226 3754 legitimus
1271 3682 1490 3736 administrator

440 3770 459 3792 ‘⁸
478 3767 618 3821 bonorum
643 3767 764 3838 Reginae
789 3770 928 3838 praufetes,
955 3786 1023 3823 cum
1049 3768 1182 3833 viverem
1209 3773 1273 3822 tum
1301 3767 1399 3831 ctiam,
1420 3767 1492 3837 qnia

440 3853 459 3875 “
479 3850 582 3920 gravia
608 3867 798 3921 expensarum
816 3858 846 3907 ct
864 3860 1033 3922 sumptuum
1049 3869 1136 3907 onera
1154 3851 1347 3906 sustinuimus
1371 3858 1491 3922 propter

439 3936 459 3960 ⁴‘
479 3951 552 3996 eam,
572 3933 642 3988 dum
660 3934 691 3987 in
708 3952 799 4003 regno
817 3935 984 4006 Norwagiae
1010 3954 1121 3991 moram
1139 3937 1236 4000 traxit,
1258 3942 1287 3990 et
1304 3934 1490 4006 postmodum

440 4020 460 4045 ‘¹
479 4018 621 4072 mittendo
638 4035 702 4072 eam
721 4018 758 4072 ad
775 4037 899 4090 regnum
918 4039 1003 4074 suum
1023 4021 1128 4076 Scotiae
1147 4020 1355 4091 supradictum.
1402 4019 1489 4085 Item,

441 4105 459 4129 “
480 4102 517 4156 ad
534 4102 691 4172 petendum
708 4104 823 4157 nomine
841 4111 940 4159 nostro
958 4104 1143 4159 condemnari
1161 4105 1383 4159 universitatem
1404 4105 1491 4174 regni

441 4190 460 4213 ‘⁸
482 4188 595 4252 Section,
625 4193 654 4242 et
678 4187 775 4257 ipsum
800 4205 934 4258 regnum,
962 4188 999 4243 ad
1026 4188 1196 4243 solvendum
1223 4189 1305 4243 nobis
1333 4206 1385 4243 seu
1403 4188 1491 4244 dictis

441 4274 460 4296 ⁴⁴
481 4271 632 4326 attornatis
645 4276 675 4326 ct
685 4272 920 4341 procuratoribus
935 4272 1052 4336 nostris,
1072 4273 1280 4344 recipientibus
1298 4274 1361 4328 vice
1380 4279 1490 4338 nostra,

442 4358 461 4380 ‘⁸
481 4373 595 4426 poenam
622 4361 739 4411 contum
769 4355 894 4410 millium
921 4356 1062 4411 librarum
1093 4357 1309 4427 sterlingorum,
1341 4357 1372 4411 in
1403 4376 1491 4427 quam

442 4440 461 4464 “
481 4439 644 4494 inciderunt
663 4440 837 4495 universitas
867 4441 989 4510 praefata
1015 4447 1045 4496 ct
1069 4459 1192 4512 regnum
1222 4441 1403 4512 praedictum,
1435 4460 1493 4498 non

476 4751 482 4781 ¹
487 4749 567 4815 primo
577 4750 603 4801 in
614 4749 657 4801 the
665 4751 764 4814 printed
773 4759 847 4804 texts.
1021 4751 1136 4804 'Petrum
1148 4753 1175 4804 in
1188 4754 1230 4806 the
1241 4754 1340 4820 printed
1349 4764 1424 4807 texte.

442 4829 556 4960 h²3¹his
567 4832 671 4882 namsia
682 4833 793 4883 inserted
811 4832 941 4884 incluter
1021 4834 1222 4900 ‘cooperiendum
1257 4835 1283 4885 in
1311 4836 1355 4886 the
1381 4836 1489 4900 printed

461 4922 517 4960 an.
987 4919 1060 4964 texts.

1494 1331 1588 1519 pr
