3750 6250
750 1078 913 1129 HISTORIA
935 1079 1145 1132 tuomum.
1403 1071 1468 1132 445

284 1346 311 1398 S·
325 1348 391 1402 Bibl·
424 1348 605 1419 Oororwts'o
617 1350 721 1437 Rapis
736 1352 906 1435 Frcsacs'oe,
922 1360 953 1420 et
969 1352 1207 1421 Ticmcltootio
1219 1354 1469 1423 Oocrmwoicm

282 1421 364 1533 Ψ
814 1456 1082 1524 Porisr‘crwicm.

455 1587 521 1643 Hoc
530 1606 614 1653 anno,
628 1604 728 1645 mense
740 1588 927 1653 Novembris,
937 1595 1090 1645 coronatus
1103 1595 1149 1645 est
1160 1590 1238 1646 filius
1251 1590 1365 1657 Karoli,
1380 1609 1469 1663 quon·
1481 1600 1550 1651 Al).
1565 1606 1635 1653 1380.

421 1670 488 1725 dam
499 1671 592 1743 Regis
600 1672 788 1737 Francorum,
803 1674 834 1727 in
845 1673 968 1745 Regem,
983 1672 991 1705 ¹
1001 1673 1141 1744 parvulus
1153 1673 1318 1739 admodum,
1332 1674 1470 1730 videlicet
1481 1669 1636 1719 C0l⁰¹1⁸fi⁰¹1

421 1754 521 1809 decem
539 1763 591 1812 aut
607 1758 744 1813 undecim
759 1775 909 1812 annorum.
948 1757 1021 1812 Post
1039 1758 1124 1829 cujus
1146 1756 1348 1813 Coronationis
1369 1764 1469 1813 exacta
1479 1735 1621 1850 &Ichfflffl

421 1840 557 1906 celebria,
587 1860 654 1898 cum
674 1844 813 1899 universa
830 1843 892 1898 fere
911 1843 1050 1898 nobilitas
1074 1841 1159 1915 regni
1185 1842 1317 1899 Francia
1335 1817 1625 1918 Pstfi⁸iu⁸ofiiunde

421 1925 611 1990 convenisset,
625 1932 745 1997 repente
763 1932 827 1982 orta
845 1932 891 1981 est
908 1926 1014 1981 seditio
1031 1943 1139 1997 magua
1156 1927 1318 1982 communis
1336 1928 1421 1998 vulgi
1439 1933 1469 1982 et
1479 1966 1583 2015 Tumult
1593 1973 1620 2016 ct

419 2008 581 2075 tumultus3
601 2016 631 2065 et
647 2027 781 2065 murmur
792 2027 933 2080 magnum
946 2010 1074 2066 excrevit
1085 2011 1162 2065 inter
1172 2026 1317 2082 proceres,
1338 2028 1372 2066 eo
1391 2010 1468 2081 quod
1481 2031 1563 2093 Pan-³,
1575 2033 1625 2082 „nd

419 2093 525 2147 totiens
537 2109 594 2147 non
605 2100 666 2147 tam
678 2094 887 2165 apportassent,
902 2110 990 2163 quam
1002 2092 1223 2165 despoliassent,
1236 2094 1362 2165 patriam
1374 2094 1468 2150 direr-
1478 2099 1625 2162 grievances

420 2175 460 2229 sis
483 2177 568 2239 taxis,
596 2194 668 2247 quas
689 2176 866 2248 “gabelus’'
885 2176 1050 2248 appellant;
1074 2175 1137 2248 jam
1162 2178 1305 2233 exhibitas
1324 2166 1558 2248 gallianis⁰ft¹¹e

420 2265 449 2313 et
469 2260 576 2325 nautis,
597 2260 648 2330 qui
673 2260 747 2315 nihil
774 2261 919 2316 commodi
945 2262 1030 2332 regni
1049 2261 1243 2327 contulerunt,
1261 2262 1323 2333 jam
1341 2262 1467 2317 diversis
1479 2231 1614 2349 ffffissf

419 2344 534 2406 exteris,
555 2344 606 2413 qui
634 2361 683 2398 eos
708 2350 874 2400 tutarentur
892 2352 923 2400 et
939 2344 1047 2417 Anglis
1066 2346 1221 2411 officerent,
1241 2347 1293 2417 qui
1310 2346 1385 2400 nihil
1401 2365 1467 2418 pro·

418 2427 559 2491 fecerunt,
576 2427 639 2498 jam
651 2427 777 2482 dominis
791 2433 821 2483 et
832 2429 918 2499 regui
929 2429 1111 2500 proceribus,
1132 2428 1184 2500 qui
1203 2446 1253 2485 eos
1270 2435 1467 2501 protegerent,

379 2498 392 2518 ”
419 2510 471 2565 sed
495 2510 527 2565 in
556 2528 683 2577 vanum3
715 2529 783 2566 nam
810 2511 867 2583 ipsi
894 2530 1041 2583 proceres,
1070 2513 1121 2584 qui
1149 2514 1192 2568 eis
1218 2514 1348 2569 defensio
1377 2514 1469 2569 fuisse

418 2594 587 2658 debuerant,
619 2600 650 2649 et
678 2595 737 2665 ipsi
765 2596 896 2666 patronis
927 2614 1001 2667 opus
1036 2596 1190 2660 hebebant,
1222 2614 1289 2651 cum
1319 2603 1470 2652 cernerent

417 2678 577 2732 exercitum
588 2676 785 2749 Anglicanum
803 2697 856 2750 per
873 2685 969 2735 totum
986 2697 1111 2749 regnum
1135 2679 1277 2749 equitare,
1296 2680 1421 2734 flammis
1440 2686 1471 2735 et

418 2760 495 2816 ferro
513 2778 637 2832 quaeque
654 2767 780 2825 vastare,
800 2766 830 2817 et
847 2762 963 2816 nullum
981 2780 997 2816 e
1016 2761 1078 2817 suis
1096 2779 1154 2816 non
1167 2765 1297 2817 ²tan'tum
1314 2762 1425 2818 eisdem
1438 2781 1469 2818 se

417 2844 544 2908 obviare,
565 2844 617 2899 sed
634 2861 688 2899 nec
706 2844 826 2915 quidem
843 2845 991 2916 respicere
1010 2862 1124 2909 ausum,
1139 2845 1191 2900 sed
1205 2845 1373 2915 quemlibet,
1390 2864 1470 2901 more

418 2927 612 2992 soeminarum,
639 2927 688 2983 vel
713 2928 744 2982 in
774 2928 897 2984 urbibus
926 2928 975 2984 vel
1004 2928 1132 2983 castellis
1169 2928 1324 2983 occultare.
1374 2928 1469 2998 Quare

417 3011 585 3081 pudendum
610 3012 672 3066 fore
698 3011 823 3067 dominis
851 3012 1028 3076 asserebant,
1048 3010 1126 3082 quod
1151 3011 1182 3066 in
1199 3017 1281 3066 tcnto
1298 3028 1398 3083 regno,
1418 3014 1469 3067 ubi

417 3100 462 3151 tot
478 3096 599 3160 nobiles,
619 3101 664 3152 tot
674 3101 835 3167 magnates,
854 3102 900 3152 tot
910 3095 1030 3161 milites,
1044 3101 1089 3152 tot
1100 3094 1208 3160 bellici,
1223 3112 1287 3151 esse
1300 3095 1468 3161 debuerant,

418 3185 451 3233 ut
467 3180 571 3234 merito
599 3186 700 3234 contra
726 3179 887 3250 quemlibet
912 3179 950 3234 de
974 3180 1104 3235 exercitu
1130 3177 1295 3250 Anglicano
1312 3179 1413 3235 decem
1431 3180 1467 3235 de

418 3262 497 3316 sacili
514 3262 675 3334 producere
692 3264 867 3335 potuissent,
882 3263 960 3334 quod
978 3263 1078 3318 nullus
1097 3279 1133 3317 ex
1151 3262 1285 3317 omnibus
1303 3281 1357 3334 pro
1375 3281 1467 3335 regno

417 3346 538 3402 auderet
555 3364 586 3402 se
605 3364 760 3417 opponere,
780 3348 828 3403 vel
854 3366 909 3419 pro
932 3347 1028 3418 plebe.
1073 3345 1247 3401 Pudendum
1264 3347 1384 3418 insuper
1403 3365 1467 3404 esse

416 3428 559 3493 dicebant,
580 3430 658 3501 quod
675 3430 807 3501 pulchris
832 3429 1092 3502 pollicitationibus
1110 3430 1217 3485 totiens
1234 3430 1375 3502 populum
1393 3433 1467 3489 falso

416 3513 684 3577 circumvenissent,
704 3515 909 3585 promittendo,
930 3515 956 3569 si
971 3515 1035 3585 jam
1053 3521 1084 3569 et
1098 3514 1161 3585 jam
1172 3519 1288 3570 tautum
1300 3514 1464 3582 solvissent,

416 3615 448 3651 sa
465 3597 604 3668 Angliam
617 3598 835 3669 subjugaturos,
850 3599 877 3654 si
888 3598 974 3654 modo
991 3603 1125 3653 ’tantum
1143 3598 1351 3670 pendidissent,
1365 3619 1466 3672 pacem

415 3680 575 3746 habituros,
613 3686 643 3736 et
667 3681 782 3736 nullum
807 3682 938 3753 ipsorum
963 3699 1066 3736 verum
1084 3682 1207 3737 verbum
1225 3684 1363 3750 stetisse;
1395 3686 1466 3756 quin

415 3765 514 3828 etiam
533 3766 626 3819 ’nuno
644 3764 758 3836 Anglos
776 3766 808 3820 in
825 3765 955 3820 medium
973 3783 1075 3821 eorum
1092 3766 1272 3830 convenisse,
1292 3774 1322 3823 et
1338 3767 1466 3824 hancce

416 3848 585 3903 meticulose
605 3847 683 3903 domi
702 3848 842 3912 residere,
863 3849 938 3903 nihil
962 3850 1078 3904 omnino
1098 3849 1201 3921 patriae
1225 3851 1388 3921 providere,
1414 3853 1465 3908 sed

415 3932 552 3987 universa
571 3931 737 4002 Anglorum
755 3931 913 4003 direptioni
933 3932 1106 4003 derelinqui.
1145 3932 1328 4007 Quapropter
1346 3936 1463 4000 scirent,

415 4017 606 4088 proculdubio
624 4017 740 4089 plebem
757 4017 923 4074 nullatenus
935 4019 1012 4073 velle
1030 4019 1078 4074 vel
1095 4021 1189 4075 taxari
1201 4021 1250 4076 vel
1270 4022 1464 4077 taxationibus

415 4101 619 4172 adquiescere;
647 4101 719 4170 quin
736 4101 843 4172 potius,
863 4103 976 4158 relictis
995 4120 1047 4158 suo
1066 4103 1148 4175 Rege
1166 4110 1197 4160 st
1213 4105 1392 4176 proceribus,
1413 4107 1464 4177 qui

414 4189 549 4245 continua
568 4206 670 4243 eorum
687 4189 881 4260 apporiationi
899 4190 1064 4256 studebant,
1085 4192 1122 4246 ad
1139 4192 1252 4263 Anglos
1271 4210 1303 4248 se
1321 4194 1461 4259 conferre,

415 4291 487 4345 quos
512 4274 661 4328 sciverunt
686 4273 783 4344 magis
817 4273 931 4344 placide
958 4274 1156 4330 dominaturos
1184 4293 1272 4345 super
1299 4294 1348 4332 eos
1374 4294 1463 4347 quam

415 4358 541 4413 Gallicos
567 4375 635 4413 suos
660 4357 791 4413 dominos
816 4358 974 4414 naturales.
1019 4358 1059 4415 Et
1083 4359 1154 4414 talia
1171 4359 1393 4426 conclamantes,
1413 4362 1462 4417 vix

414 4460 516 4497 manus
534 4448 669 4513 poterant
692 4441 849 4507 continere,
879 4441 951 4512 quin
977 4442 1008 4497 in
1027 4442 1168 4512 quosdam
1185 4444 1283 4514 regios
1302 4445 1460 4502 familiares
1475 4447 1626 4501 Themulti·

414 4532 444 4580 et
461 4526 643 4581 consiliarios
661 4525 816 4596 injicerent
829 4544 932 4581 manus
952 4543 1030 4581 suas.
1068 4526 1166 4582 Duces
1184 4527 1278 4597 igitur
1295 4535 1325 4584 et
1341 4548 1460 4601 magna·
1473 4516 1633 4567 mdeiffl‘h

413 4616 468 4675 tes,
484 4615 635 4666 cernentes
652 4609 793 4680 populum
812 4610 1023 4675 exacerbatum,
1044 4611 1105 4665 vim
1122 4611 1177 4665 sibi
1193 4612 1328 4668 timentes
1346 4614 1459 4682 inferri,
1473 4582 1603 4713 ssffi

449 4859 454 4887 ¹
467 4864 512 4905 aut
522 4854 647 4904 asinodam
658 4852 766 4902 videlicet
781 4853 808 4902 in
831 4853 893 4918 orig.
906 4874 913 4912 ς
998 4856 1007 4882 ²
1020 4853 1134 4902 tamenin
1147 4854 1189 4904 the
1201 4855 1300 4919 printed
1311 4865 1384 4909 texts.

319 4970 325 4980 .
415 4938 495 4985 oetotia
506 4931 616 4983 videlicet
635 4934 661 4982 in
672 4933 715 4981 the
727 4932 828 4995 printed
839 4940 913 4982 texts.
998 4935 1007 4961 ³
1019 4941 1074 4981 tunc
1086 4933 1112 4980 iu
1126 4933 1257 4985 Carndcn's
1271 4946 1332 4988 text.

415 5014 549 5068 maetas
560 5012 702 5088 fromBibl.
721 5011 783 5075 neg.
800 5011 912 5061 aare
936 4997 942 5067 Ι
