<?xml version="1.0" encoding="UTF-8"?>
<!DOCTYPE html PUBLIC "-//W3C//DTD XHTML 1.0 Transitional//EN"
    "http://www.w3.org/TR/xhtml1/DTD/xhtml1-transitional.dtd">
<html xmlns="http://www.w3.org/1999/xhtml" xml:lang="en" lang="en">
 <head>
  <title>
</title>
<meta http-equiv="Content-Type" content="text/html;charset=utf-8" />
  <meta name='ocr-system' content='tesseract 3.04.00' />
  <meta name='ocr-capabilities' content='ocr_page ocr_carea ocr_par ocr_line ocrx_word'/>
</head>
<body>
  <div class='ocr_page' id='page_1' title='image "./thomaewalsingha00rilegoog_0271.png"; bbox 0 0 3750 6250; ppageno 0'>
   <div class='ocr_carea' id='block_1_1' title="bbox 662 1093 1380 1158">
    <p class='ocr_par' dir='ltr' id='par_1_1' title="bbox 662 1093 1380 1158">
     <span class='ocr_line' id='line_1_1' title="bbox 662 1093 1380 1158; baseline 0.008 -8"><span class='ocrx_word' id='word_1_1' title='bbox 662 1099 824 1152; x_wconf 80' lang='lat' dir='ltr'><strong>meream</strong></span> <span class='ocrx_word' id='word_1_2' title='bbox 847 1099 1051 1154; x_wconf 70' lang='lat' dir='ltr'><strong>matresua</strong></span> <span class='ocrx_word' id='word_1_3' title='bbox 1317 1093 1380 1158; x_wconf 78' lang='lat'><strong>235</strong></span> 
     </span>
    </p>
   </div>
   <div class='ocr_carea' id='block_1_2' title="bbox 279 1285 1546 4215">
    <p class='ocr_par' dir='ltr' id='par_1_2' title="bbox 279 1285 1546 4215">
     <span class='ocr_line' id='line_1_2' title="bbox 283 1285 1546 1361; baseline 0.002 -15"><span class='ocrx_word' id='word_1_4' title='bbox 283 1291 313 1346; x_wconf 86' lang='lat' dir='ltr'><strong>rl</strong></span> <span class='ocrx_word' id='word_1_5' title='bbox 340 1289 360 1317; x_wconf 82' lang='lat'><strong>‘¹</strong></span> <span class='ocrx_word' id='word_1_6' title='bbox 379 1285 521 1344; x_wconf 87' lang='lat' dir='ltr'><strong>decimam</strong></span> <span class='ocrx_word' id='word_1_7' title='bbox 551 1285 673 1361; x_wconf 86' lang='lat' dir='ltr'><strong>exigunt</strong></span> <span class='ocrx_word' id='word_1_8' title='bbox 702 1295 900 1348; x_wconf 84' lang='lat' dir='ltr'><strong>memoratam</strong></span> <span class='ocrx_word' id='word_1_9' title='bbox 935 1288 1094 1359; x_wconf 75' lang='lat' dir='ltr'><strong>¹Quocirca</strong></span> <span class='ocrx_word' id='word_1_10' title='bbox 1120 1291 1151 1344; x_wconf 92' lang='lat' dir='ltr'><strong>in</strong></span> <span class='ocrx_word' id='word_1_11' title='bbox 1178 1290 1302 1347; x_wconf 88' lang='lat' dir='ltr'><strong>Domino</strong></span> <span class='ocrx_word' id='word_1_12' title='bbox 1328 1287 1546 1348; x_wconf 60' lang='lat' dir='ltr'><strong>roem-1341·</strong></span> 
     </span>
     <span class='ocr_line' id='line_1_3' title="bbox 339 1371 1382 1447; baseline 0.004 -19"><span class='ocrx_word' id='word_1_13' title='bbox 339 1375 360 1401; x_wconf 78' lang='lat'><strong>‘⁸</strong></span> <span class='ocrx_word' id='word_1_14' title='bbox 378 1371 537 1436; x_wconf 74' lang='lat' dir='ltr'><strong>hortamur,</strong></span> <span class='ocrx_word' id='word_1_15' title='bbox 568 1378 599 1428; x_wconf 92' lang='lat' dir='ltr'><strong>et</strong></span> <span class='ocrx_word' id='word_1_16' title='bbox 626 1372 813 1444; x_wconf 86' lang='lat' dir='ltr'><strong>requirimus,</strong></span> <span class='ocrx_word' id='word_1_17' title='bbox 840 1377 982 1445; x_wconf 86' lang='lat' dir='ltr'><strong>qnatenus</strong></span> <span class='ocrx_word' id='word_1_18' title='bbox 1009 1391 1146 1446; x_wconf 89' lang='lat' dir='ltr'><strong>personas</strong></span> <span class='ocrx_word' id='word_1_19' title='bbox 1171 1375 1325 1447; x_wconf 84' lang='lat' dir='ltr'><strong>religiosos</strong></span> <span class='ocrx_word' id='word_1_20' title='bbox 1352 1381 1382 1432; x_wconf 88' lang='lat' dir='ltr'><strong>et</strong></span> 
     </span>
     <span class='ocr_line' id='line_1_4' title="bbox 340 1455 1381 1522; baseline 0.002 -10"><span class='ocrx_word' id='word_1_21' title='bbox 340 1459 359 1486; x_wconf 82' lang='lat'><strong>&#39;¹</strong></span> <span class='ocrx_word' id='word_1_22' title='bbox 379 1455 600 1522; x_wconf 83' lang='lat' dir='ltr'><strong>ecclesiasticas,</strong></span> <span class='ocrx_word' id='word_1_23' title='bbox 619 1457 677 1512; x_wconf 90' lang='lat' dir='ltr'><strong>nisi</strong></span> <span class='ocrx_word' id='word_1_24' title='bbox 696 1457 855 1512; x_wconf 87' lang='lat' dir='ltr'><strong>secundam</strong></span> <span class='ocrx_word' id='word_1_25' title='bbox 874 1459 997 1512; x_wconf 80' lang='lat' dir='ltr'><strong>formam</strong></span> <span class='ocrx_word' id='word_1_26' title='bbox 1014 1463 1045 1513; x_wconf 91' lang='lat' dir='ltr'><strong>et</strong></span> <span class='ocrx_word' id='word_1_27' title='bbox 1062 1459 1276 1514; x_wconf 78' lang='lat' dir='ltr'><strong>concessionem</strong></span> <span class='ocrx_word' id='word_1_28' title='bbox 1302 1467 1381 1515; x_wconf 77' lang='lat' dir='ltr'><strong>arite-</strong></span> 
     </span>
     <span class='ocr_line' id='line_1_5' title="bbox 339 1539 1380 1613; baseline 0.002 -17"><span class='ocrx_word' id='word_1_29' title='bbox 339 1543 359 1569; x_wconf 90' lang='lat'><strong>“</strong></span> <span class='ocrx_word' id='word_1_30' title='bbox 378 1539 480 1606; x_wconf 80' lang='lat' dir='ltr'><strong>dietas,</strong></span> <span class='ocrx_word' id='word_1_31' title='bbox 500 1540 614 1595; x_wconf 88' lang='lat' dir='ltr'><strong>onerari</strong></span> <span class='ocrx_word' id='word_1_32' title='bbox 632 1539 680 1595; x_wconf 90' lang='lat' dir='ltr'><strong>vel</strong></span> <span class='ocrx_word' id='word_1_33' title='bbox 697 1540 796 1595; x_wconf 88' lang='lat' dir='ltr'><strong>vexari</strong></span> <span class='ocrx_word' id='word_1_34' title='bbox 815 1541 981 1596; x_wconf 86' lang='lat' dir='ltr'><strong>nullatenus</strong></span> <span class='ocrx_word' id='word_1_35' title='bbox 999 1542 1184 1613; x_wconf 89' lang='lat' dir='ltr'><strong>permittatis,</strong></span> <span class='ocrx_word' id='word_1_36' title='bbox 1212 1561 1267 1598; x_wconf 92' lang='lat' dir='ltr'><strong>neo</strong></span> <span class='ocrx_word' id='word_1_37' title='bbox 1292 1544 1380 1599; x_wconf 90' lang='lat' dir='ltr'><strong>etiam</strong></span> 
     </span>
     <span class='ocr_line' id='line_1_6' title="bbox 337 1623 1381 1696; baseline 0.001 -15"><span class='ocrx_word' id='word_1_38' title='bbox 337 1627 358 1654; x_wconf 81' lang='lat'><strong>⁴‘</strong></span> <span class='ocrx_word' id='word_1_39' title='bbox 377 1623 530 1681; x_wconf 88' lang='lat' dir='ltr'><strong>eonsilium</strong></span> <span class='ocrx_word' id='word_1_40' title='bbox 554 1639 606 1680; x_wconf 88' lang='lat' dir='ltr'><strong>seu</strong></span> <span class='ocrx_word' id='word_1_41' title='bbox 624 1641 783 1689; x_wconf 85' lang='lat' dir='ltr'><strong>assensum,</strong></span> <span class='ocrx_word' id='word_1_42' title='bbox 804 1625 834 1679; x_wconf 93' lang='lat' dir='ltr'><strong>in</strong></span> <span class='ocrx_word' id='word_1_43' title='bbox 852 1625 937 1680; x_wconf 85' lang='lat' dir='ltr'><strong>dictae</strong></span> <span class='ocrx_word' id='word_1_44' title='bbox 955 1626 1064 1680; x_wconf 83' lang='lat' dir='ltr'><strong>ehartae</strong></span> <span class='ocrx_word' id='word_1_45' title='bbox 1089 1625 1301 1696; x_wconf 73' lang='lat' dir='ltr'><strong>praejudicium,</strong></span> <span class='ocrx_word' id='word_1_46' title='bbox 1328 1646 1381 1683; x_wconf 89' lang='lat' dir='ltr'><strong>seu</strong></span> 
     </span>
     <span class='ocr_line' id='line_1_7' title="bbox 336 1707 1377 1782; baseline 0.001 -18"><span class='ocrx_word' id='word_1_47' title='bbox 336 1707 598 1782; x_wconf 85' lang='lat' dir='ltr'><strong>“privilegiorum</strong></span> <span class='ocrx_word' id='word_1_48' title='bbox 617 1727 650 1763; x_wconf 86' lang='lat' dir='ltr'><strong>ae</strong></span> <span class='ocrx_word' id='word_1_49' title='bbox 670 1707 840 1764; x_wconf 86' lang='lat' dir='ltr'><strong>libertatum</strong></span> <span class='ocrx_word' id='word_1_50' title='bbox 862 1708 1126 1765; x_wconf 88' lang='lat' dir='ltr'><strong>ecclesiasticarum</strong></span> <span class='ocrx_word' id='word_1_51' title='bbox 1150 1710 1377 1775; x_wconf 77' lang='lat' dir='ltr'><strong>subversionem,</strong></span> 
     </span>
     <span class='ocr_line' id='line_1_8' title="bbox 336 1791 1377 1868; baseline 0 -20"><span class='ocrx_word' id='word_1_52' title='bbox 336 1796 356 1822; x_wconf 81' lang='lat'><strong>‘⁶</strong></span> <span class='ocrx_word' id='word_1_53' title='bbox 376 1791 529 1868; x_wconf 69' lang='lat' dir='ltr'><strong>praebeatis</strong></span> <span class='ocrx_word' id='word_1_54' title='bbox 549 1792 768 1865; x_wconf 85' lang='lat' dir='ltr'><strong>quoquomodo;</strong></span> <span class='ocrx_word' id='word_1_55' title='bbox 796 1794 821 1848; x_wconf 86' lang='lat' dir='ltr'><strong>si</strong></span> <span class='ocrx_word' id='word_1_56' title='bbox 841 1809 911 1847; x_wconf 88' lang='lat' dir='ltr'><strong>vero</strong></span> <span class='ocrx_word' id='word_1_57' title='bbox 931 1793 1030 1858; x_wconf 89' lang='lat' dir='ltr'><strong>breve,</strong></span> <span class='ocrx_word' id='word_1_58' title='bbox 1053 1794 1228 1859; x_wconf 84' lang='lat' dir='ltr'><strong>commissio,</strong></span> <span class='ocrx_word' id='word_1_59' title='bbox 1250 1813 1377 1865; x_wconf 84' lang='lat' dir='ltr'><strong>praeoep-</strong></span> 
     </span>
     <span class='ocr_line' id='line_1_9' title="bbox 336 1875 1378 1949; baseline 0 -15"><span class='ocrx_word' id='word_1_60' title='bbox 336 1880 356 1906; x_wconf 88' lang='grc'>“</span> <span class='ocrx_word' id='word_1_61' title='bbox 376 1883 476 1934; x_wconf 89' lang='lat' dir='ltr'><strong>tumve</strong></span> <span class='ocrx_word' id='word_1_62' title='bbox 497 1875 586 1941; x_wconf 87' lang='lat' dir='ltr'><strong>uliud,</strong></span> <span class='ocrx_word' id='word_1_63' title='bbox 609 1881 709 1932; x_wconf 83' lang='lat' dir='ltr'><strong>contra</strong></span> <span class='ocrx_word' id='word_1_64' title='bbox 729 1877 851 1932; x_wconf 79' lang='lat' dir='ltr'><strong>formum</strong></span> <span class='ocrx_word' id='word_1_65' title='bbox 864 1875 980 1948; x_wconf 81' lang='lat' dir='ltr'><strong>Magnae</strong></span> <span class='ocrx_word' id='word_1_66' title='bbox 993 1876 1118 1942; x_wconf 84' lang='lat' dir='ltr'><strong>Ohartm,</strong></span> <span class='ocrx_word' id='word_1_67' title='bbox 1139 1877 1305 1949; x_wconf 83' lang='lat' dir='ltr'><strong>privilegia,</strong></span> <span class='ocrx_word' id='word_1_68' title='bbox 1327 1883 1378 1934; x_wconf 76' lang='lat' dir='ltr'><strong>’ae</strong></span> 
     </span>
     <span class='ocr_line' id='line_1_10' title="bbox 335 1959 1375 2032; baseline 0.001 -16"><span class='ocrx_word' id='word_1_69' title='bbox 335 1961 356 1990; x_wconf 84' lang='lat'><strong>“</strong></span> <span class='ocrx_word' id='word_1_70' title='bbox 374 1959 524 2016; x_wconf 71' lang='lat' dir='ltr'><strong>libertates</strong></span> <span class='ocrx_word' id='word_1_71' title='bbox 554 1960 724 2024; x_wconf 72' lang='lat' dir='ltr'><strong>antedictae,</strong></span> <span class='ocrx_word' id='word_1_72' title='bbox 744 1978 762 2015; x_wconf 89' lang='lat' dir='ltr'><strong>a</strong></span> <span class='ocrx_word' id='word_1_73' title='bbox 773 1959 956 2015; x_wconf 74' lang='lat' dir='ltr'><strong>(lancellaria</strong></span> <span class='ocrx_word' id='word_1_74' title='bbox 975 1961 1127 2032; x_wconf 85' lang='lat' dir='ltr'><strong>hueusque</strong></span> <span class='ocrx_word' id='word_1_75' title='bbox 1139 1961 1249 2016; x_wconf 84' lang='lat' dir='ltr'><strong>fuerint</strong></span> <span class='ocrx_word' id='word_1_76' title='bbox 1260 1962 1375 2026; x_wconf 87' lang='lat' dir='ltr'><strong>omissa,</strong></span> 
     </span>
     <span class='ocr_line' id='line_1_11' title="bbox 336 2041 1378 2115; baseline 0 -15"><span class='ocrx_word' id='word_1_77' title='bbox 336 2047 356 2074; x_wconf 84' lang='lat'><strong>&#39;¹</strong></span> <span class='ocrx_word' id='word_1_78' title='bbox 375 2043 452 2100; x_wconf 82' lang='lat' dir='ltr'><strong>infra</strong></span> <span class='ocrx_word' id='word_1_79' title='bbox 469 2043 570 2099; x_wconf 86' lang='lat' dir='ltr'><strong>decem</strong></span> <span class='ocrx_word' id='word_1_80' title='bbox 591 2041 654 2098; x_wconf 88' lang='lat' dir='ltr'><strong>dies</strong></span> <span class='ocrx_word' id='word_1_81' title='bbox 673 2047 740 2115; x_wconf 90' lang='lat' dir='ltr'><strong>post</strong></span> <span class='ocrx_word' id='word_1_82' title='bbox 757 2043 864 2099; x_wconf 90' lang='lat' dir='ltr'><strong>harum</strong></span> <span class='ocrx_word' id='word_1_83' title='bbox 884 2045 1080 2115; x_wconf 69' lang='lat' dir='ltr'><strong>receptionem</strong></span> <span class='ocrx_word' id='word_1_84' title='bbox 1101 2043 1277 2108; x_wconf 83' lang='lat' dir='ltr'><strong>litterarum,</strong></span> <span class='ocrx_word' id='word_1_85' title='bbox 1301 2046 1378 2101; x_wconf 90' lang='lat' dir='ltr'><strong>sient</strong></span> 
     </span>
     <span class='ocr_line' id='line_1_12' title="bbox 336 2126 1377 2193; baseline -0.001 -10"><span class='ocrx_word' id='word_1_86' title='bbox 336 2131 356 2157; x_wconf 81' lang='lat'><strong>¹⁸</strong></span> <span class='ocrx_word' id='word_1_87' title='bbox 374 2127 523 2192; x_wconf 89' lang='lat' dir='ltr'><strong>tenemini,</strong></span> <span class='ocrx_word' id='word_1_88' title='bbox 543 2127 674 2182; x_wconf 88' lang='lat' dir='ltr'><strong>revocari</strong></span> <span class='ocrx_word' id='word_1_89' title='bbox 702 2132 732 2182; x_wconf 93' lang='lat' dir='ltr'><strong>et</strong></span> <span class='ocrx_word' id='word_1_90' title='bbox 755 2126 900 2182; x_wconf 88' lang='lat' dir='ltr'><strong>annullari</strong></span> <span class='ocrx_word' id='word_1_91' title='bbox 919 2127 1051 2193; x_wconf 83' lang='lat' dir='ltr'><strong>faeiatis;</strong></span> <span class='ocrx_word' id='word_1_92' title='bbox 1091 2128 1226 2183; x_wconf 82' lang='lat' dir='ltr'><strong>voluntas</strong></span> <span class='ocrx_word' id='word_1_93' title='bbox 1250 2127 1377 2184; x_wconf 73' lang='lat' dir='ltr'><strong>’etenim</strong></span> 
     </span>
     <span class='ocr_line' id='line_1_13' title="bbox 336 2209 1377 2282; baseline 0 -16"><span class='ocrx_word' id='word_1_94' title='bbox 336 2213 356 2240; x_wconf 80' lang='lat'><strong>‘¹</strong></span> <span class='ocrx_word' id='word_1_95' title='bbox 375 2209 493 2266; x_wconf 87' lang='lat' dir='ltr'><strong>Domini</strong></span> <span class='ocrx_word' id='word_1_96' title='bbox 512 2211 605 2265; x_wconf 88' lang='lat' dir='ltr'><strong>nostri</strong></span> <span class='ocrx_word' id='word_1_97' title='bbox 629 2209 721 2281; x_wconf 84' lang='lat' dir='ltr'><strong>Regis</strong></span> <span class='ocrx_word' id='word_1_98' title='bbox 735 2209 874 2265; x_wconf 80' lang='lat' dir='ltr'><strong>Chartam</strong></span> <span class='ocrx_word' id='word_1_99' title='bbox 886 2211 1047 2282; x_wconf 71' lang='lat' dir='ltr'><strong>praelatam,</strong></span> <span class='ocrx_word' id='word_1_100' title='bbox 1065 2209 1230 2282; x_wconf 86' lang='lat' dir='ltr'><strong>privilegia,</strong></span> <span class='ocrx_word' id='word_1_101' title='bbox 1245 2229 1279 2266; x_wconf 92' lang='lat' dir='ltr'><strong>ao</strong></span> <span class='ocrx_word' id='word_1_102' title='bbox 1291 2211 1377 2266; x_wconf 90' lang='lat' dir='ltr'><strong>liber·</strong></span> 
     </span>
     <span class='ocr_line' id='line_1_14' title="bbox 336 2292 1378 2359; baseline -0.002 -7"><span class='ocrx_word' id='word_1_103' title='bbox 336 2297 356 2324; x_wconf 84' lang='lat'><strong>&#39;⁸</strong></span> <span class='ocrx_word' id='word_1_104' title='bbox 375 2299 450 2352; x_wconf 86' lang='lat' dir='ltr'><strong>tates</strong></span> <span class='ocrx_word' id='word_1_105' title='bbox 471 2292 694 2356; x_wconf 83' lang='lat' dir='ltr'><strong>ecclesiasticas,</strong></span> <span class='ocrx_word' id='word_1_106' title='bbox 724 2301 758 2349; x_wconf 91' lang='lat' dir='ltr'><strong>nt</strong></span> <span class='ocrx_word' id='word_1_107' title='bbox 778 2293 850 2349; x_wconf 91' lang='lat' dir='ltr'><strong>certi</strong></span> <span class='ocrx_word' id='word_1_108' title='bbox 871 2311 981 2358; x_wconf 89' lang='lat' dir='ltr'><strong>sumus,</strong></span> <span class='ocrx_word' id='word_1_109' title='bbox 1009 2295 1107 2350; x_wconf 85' lang='lat' dir='ltr'><strong>lovere</strong></span> <span class='ocrx_word' id='word_1_110' title='bbox 1134 2296 1242 2359; x_wconf 80' lang='lat' dir='ltr'><strong>existit,</strong></span> <span class='ocrx_word' id='word_1_111' title='bbox 1262 2313 1296 2350; x_wconf 90' lang='lat' dir='ltr'><strong>ac</strong></span> <span class='ocrx_word' id='word_1_112' title='bbox 1313 2313 1378 2350; x_wconf 90' lang='lat' dir='ltr'><strong>con·</strong></span> 
     </span>
     <span class='ocr_line' id='line_1_15' title="bbox 335 2376 1376 2449; baseline 0 -14"><span class='ocrx_word' id='word_1_113' title='bbox 335 2381 355 2408; x_wconf 80' lang='lat'><strong>‘¹</strong></span> <span class='ocrx_word' id='word_1_114' title='bbox 375 2395 507 2436; x_wconf 85' lang='lat' dir='ltr'><strong>servare:</strong></span> <span class='ocrx_word' id='word_1_115' title='bbox 539 2395 592 2432; x_wconf 90' lang='lat' dir='ltr'><strong>nee</strong></span> <span class='ocrx_word' id='word_1_116' title='bbox 611 2383 658 2433; x_wconf 90' lang='lat' dir='ltr'><strong>est</strong></span> <span class='ocrx_word' id='word_1_117' title='bbox 678 2376 823 2449; x_wconf 85' lang='lat' dir='ltr'><strong>siquidem</strong></span> <span class='ocrx_word' id='word_1_118' title='bbox 847 2378 1007 2434; x_wconf 87' lang='lat' dir='ltr'><strong>voluntatis</strong></span> <span class='ocrx_word' id='word_1_119' title='bbox 1028 2379 1102 2448; x_wconf 89' lang='lat' dir='ltr'><strong>ejus,</strong></span> <span class='ocrx_word' id='word_1_120' title='bbox 1123 2395 1176 2434; x_wconf 88' lang='lat' dir='ltr'><strong>neo</strong></span> <span class='ocrx_word' id='word_1_121' title='bbox 1197 2395 1262 2434; x_wconf 83' lang='lat' dir='ltr'><strong>esso</strong></span> <span class='ocrx_word' id='word_1_122' title='bbox 1281 2379 1376 2444; x_wconf 88' lang='lat' dir='ltr'><strong>debet,</strong></span> 
     </span>
     <span class='ocr_line' id='line_1_16' title="bbox 335 2459 1378 2534; baseline 0 -17"><span class='ocrx_word' id='word_1_123' title='bbox 335 2466 355 2491; x_wconf 81' lang='lat'><strong>&#39;⁸</strong></span> <span class='ocrx_word' id='word_1_124' title='bbox 375 2461 452 2534; x_wconf 88' lang='lat' dir='ltr'><strong>quod</strong></span> <span class='ocrx_word' id='word_1_125' title='bbox 470 2459 566 2517; x_wconf 89' lang='lat' dir='ltr'><strong>clerus</strong></span> <span class='ocrx_word' id='word_1_126' title='bbox 578 2459 656 2516; x_wconf 91' lang='lat' dir='ltr'><strong>ultra</strong></span> <span class='ocrx_word' id='word_1_127' title='bbox 667 2462 882 2517; x_wconf 83' lang='lat' dir='ltr'><strong>concessionem</strong></span> <span class='ocrx_word' id='word_1_128' title='bbox 898 2480 981 2517; x_wconf 89' lang='lat' dir='ltr'><strong>suam</strong></span> <span class='ocrx_word' id='word_1_129' title='bbox 994 2471 1189 2534; x_wconf 84' lang='lat' dir='ltr'><strong>spontaneam,</strong></span> <span class='ocrx_word' id='word_1_130' title='bbox 1204 2481 1222 2518; x_wconf 89' lang='lat' dir='ltr'><strong>a</strong></span> <span class='ocrx_word' id='word_1_131' title='bbox 1233 2481 1378 2534; x_wconf 79' lang='lat' dir='ltr'><strong>quoquam</strong></span> 
     </span>
     <span class='ocr_line' id='line_1_17' title="bbox 335 2543 1379 2618; baseline 0.001 -17"><span class='ocrx_word' id='word_1_132' title='bbox 335 2547 356 2576; x_wconf 83' lang='lat'><strong>‘¹</strong></span> <span class='ocrx_word' id='word_1_133' title='bbox 374 2551 510 2602; x_wconf 89' lang='lat' dir='ltr'><strong>oneratus</strong></span> <span class='ocrx_word' id='word_1_134' title='bbox 531 2545 578 2608; x_wconf 90' lang='lat' dir='ltr'><strong>sit,</strong></span> <span class='ocrx_word' id='word_1_135' title='bbox 593 2543 640 2600; x_wconf 91' lang='lat' dir='ltr'><strong>vel</strong></span> <span class='ocrx_word' id='word_1_136' title='bbox 659 2551 817 2616; x_wconf 79' lang='lat' dir='ltr'><strong>gravatus3</strong></span> <span class='ocrx_word' id='word_1_137' title='bbox 837 2546 891 2600; x_wconf 90' lang='lat' dir='ltr'><strong>hoe</strong></span> <span class='ocrx_word' id='word_1_138' title='bbox 911 2547 990 2601; x_wconf 88' lang='lat' dir='ltr'><strong>enim</strong></span> <span class='ocrx_word' id='word_1_139' title='bbox 1006 2548 1038 2601; x_wconf 90' lang='lat' dir='ltr'><strong>in</strong></span> <span class='ocrx_word' id='word_1_140' title='bbox 1049 2547 1252 2618; x_wconf 67' lang='lat' dir='ltr'><strong>praejudicium</strong></span> <span class='ocrx_word' id='word_1_141' title='bbox 1266 2547 1379 2603; x_wconf 67' lang='lat' dir='ltr'><strong>Sanctio</strong></span> 
     </span>
     <span class='ocr_line' id='line_1_18' title="bbox 335 2626 1377 2701; baseline 0.002 -17"><span class='ocrx_word' id='word_1_142' title='bbox 335 2633 356 2658; x_wconf 84' lang='lat'><strong>⁸¹</strong></span> <span class='ocrx_word' id='word_1_143' title='bbox 375 2628 524 2694; x_wconf 76' lang='lat' dir='ltr'><strong>Eoolesiae,</strong></span> <span class='ocrx_word' id='word_1_144' title='bbox 538 2626 617 2701; x_wconf 92' lang='lat' dir='ltr'><strong>qued</strong></span> <span class='ocrx_word' id='word_1_145' title='bbox 628 2629 751 2684; x_wconf 88' lang='lat' dir='ltr'><strong>tolerare</strong></span> <span class='ocrx_word' id='word_1_146' title='bbox 772 2647 829 2683; x_wconf 88' lang='lat' dir='ltr'><strong>non</strong></span> <span class='ocrx_word' id='word_1_147' title='bbox 845 2647 1010 2700; x_wconf 79' lang='lat' dir='ltr'><strong>possumus,</strong></span> <span class='ocrx_word' id='word_1_148' title='bbox 1040 2648 1098 2685; x_wconf 92' lang='lat' dir='ltr'><strong>non</strong></span> <span class='ocrx_word' id='word_1_149' title='bbox 1127 2631 1276 2686; x_wconf 88' lang='lat' dir='ltr'><strong>medicum</strong></span> <span class='ocrx_word' id='word_1_150' title='bbox 1296 2631 1377 2686; x_wconf 87' lang='lat' dir='ltr'><strong>⁴ver-</strong></span> 
     </span>
     <span class='ocr_line' id='line_1_19' title="bbox 335 2712 1380 2786; baseline 0 -16"><span class='ocrx_word' id='word_1_151' title='bbox 335 2717 355 2742; x_wconf 85' lang='lat'><strong>⁸¹</strong></span> <span class='ocrx_word' id='word_1_152' title='bbox 373 2717 493 2777; x_wconf 86' lang='lat' dir='ltr'><strong>teretur,</strong></span> <span class='ocrx_word' id='word_1_153' title='bbox 516 2719 546 2768; x_wconf 92' lang='lat' dir='ltr'><strong>et</strong></span> <span class='ocrx_word' id='word_1_154' title='bbox 566 2729 731 2782; x_wconf 77' lang='lat' dir='ltr'><strong>gravamen.</strong></span> <span class='ocrx_word' id='word_1_155' title='bbox 768 2712 821 2768; x_wconf 69' lang='lat' dir='ltr'><strong>‘si</strong></span> <span class='ocrx_word' id='word_1_156' title='bbox 841 2719 948 2778; x_wconf 89' lang='lat' dir='ltr'><strong>autem,</strong></span> <span class='ocrx_word' id='word_1_157' title='bbox 973 2719 1007 2769; x_wconf 90' lang='lat' dir='ltr'><strong>nt</strong></span> <span class='ocrx_word' id='word_1_158' title='bbox 1029 2716 1227 2785; x_wconf 69' lang='lat' dir='ltr'><strong>praemittitur,</strong></span> <span class='ocrx_word' id='word_1_159' title='bbox 1240 2715 1380 2786; x_wconf 69' lang='lat' dir='ltr'><strong>praedicta</strong></span> 
     </span>
     <span class='ocr_line' id='line_1_20' title="bbox 336 2797 1376 2867; baseline -0.001 -13"><span class='ocrx_word' id='word_1_160' title='bbox 336 2799 356 2826; x_wconf 83' lang='lat'><strong>¹¹</strong></span> <span class='ocrx_word' id='word_1_161' title='bbox 374 2815 511 2854; x_wconf 81' lang='lat' dir='ltr'><strong>revocare</strong></span> <span class='ocrx_word' id='word_1_162' title='bbox 538 2813 721 2867; x_wconf 87' lang='lat' dir='ltr'><strong>nequaquam</strong></span> <span class='ocrx_word' id='word_1_163' title='bbox 748 2797 921 2852; x_wconf 81' lang='lat' dir='ltr'><strong>curaveritis</strong></span> <span class='ocrx_word' id='word_1_164' title='bbox 949 2815 1003 2852; x_wconf 91' lang='lat' dir='ltr'><strong>nec</strong></span> <span class='ocrx_word' id='word_1_165' title='bbox 1028 2797 1186 2862; x_wconf 85' lang='lat' dir='ltr'><strong>annullare,</strong></span> <span class='ocrx_word' id='word_1_166' title='bbox 1206 2799 1376 2863; x_wconf 89' lang='lat' dir='ltr'><strong>remedium,</strong></span> 
     </span>
     <span class='ocr_line' id='line_1_21' title="bbox 335 2879 1378 2954; baseline -0.001 -17"><span class='ocrx_word' id='word_1_167' title='bbox 335 2885 355 2911; x_wconf 79' lang='lat'><strong>⁴⁸</strong></span> <span class='ocrx_word' id='word_1_168' title='bbox 374 2879 460 2954; x_wconf 85' lang='lat' dir='ltr'><strong>qualo</strong></span> <span class='ocrx_word' id='word_1_169' title='bbox 492 2879 600 2937; x_wconf 83' lang='lat' dir='ltr'><strong>Sancta</strong></span> <span class='ocrx_word' id='word_1_170' title='bbox 631 2880 764 2936; x_wconf 79' lang='lat' dir='ltr'><strong>Ecclesia</strong></span> <span class='ocrx_word' id='word_1_171' title='bbox 797 2881 966 2950; x_wconf 82' lang='lat' dir='ltr'><strong>permittere</strong></span> <span class='ocrx_word' id='word_1_172' title='bbox 996 2882 1112 2952; x_wconf 89' lang='lat' dir='ltr'><strong>poterit,</strong></span> <span class='ocrx_word' id='word_1_173' title='bbox 1148 2899 1291 2953; x_wconf 86' lang='lat' dir='ltr'><strong>apponere</strong></span> <span class='ocrx_word' id='word_1_174' title='bbox 1321 2901 1378 2936; x_wconf 91' lang='lat' dir='ltr'><strong>nen</strong></span> 
     </span>
     <span class='ocr_line' id='line_1_22' title="bbox 336 2963 1376 3036; baseline -0.002 -16"><span class='ocrx_word' id='word_1_175' title='bbox 336 2967 356 2993; x_wconf 87' lang='lat'><strong>‘¹</strong></span> <span class='ocrx_word' id='word_1_176' title='bbox 374 2963 551 3020; x_wconf 88' lang='lat' dir='ltr'><strong>omittemus.</strong></span> <span class='ocrx_word' id='word_1_177' title='bbox 588 2963 628 3019; x_wconf 79' lang='lat' dir='ltr'><strong>Et</strong></span> <span class='ocrx_word' id='word_1_178' title='bbox 639 2963 709 3034; x_wconf 89' lang='lat' dir='ltr'><strong>quid</strong></span> <span class='ocrx_word' id='word_1_179' title='bbox 724 2963 753 3017; x_wconf 92' lang='lat' dir='ltr'><strong>in</strong></span> <span class='ocrx_word' id='word_1_180' title='bbox 766 2963 925 3034; x_wconf 64' lang='lat' dir='ltr'><strong>praemissis</strong></span> <span class='ocrx_word' id='word_1_181' title='bbox 938 2963 1076 3029; x_wconf 86' lang='lat' dir='ltr'><strong>feceritis,</strong></span> <span class='ocrx_word' id='word_1_182' title='bbox 1090 2964 1173 3019; x_wconf 86' lang='lat' dir='ltr'><strong>velut</strong></span> <span class='ocrx_word' id='word_1_183' title='bbox 1192 2965 1269 3020; x_wconf 81' lang='lat' dir='ltr'><strong>illins</strong></span> <span class='ocrx_word' id='word_1_184' title='bbox 1291 2966 1376 3036; x_wconf 89' lang='lat' dir='ltr'><strong>spiri·</strong></span> 
     </span>
     <span class='ocr_line' id='line_1_23' title="bbox 336 3047 1377 3120; baseline -0.003 -15"><span class='ocrx_word' id='word_1_185' title='bbox 336 3051 355 3078; x_wconf 82' lang='lat'><strong>&#39;¹</strong></span> <span class='ocrx_word' id='word_1_186' title='bbox 374 3048 471 3115; x_wconf 81' lang='lat' dir='ltr'><strong>taulis,</strong></span> <span class='ocrx_word' id='word_1_187' title='bbox 492 3047 596 3112; x_wconf 88' lang='lat' dir='ltr'><strong>fidelis,</strong></span> <span class='ocrx_word' id='word_1_188' title='bbox 617 3065 651 3103; x_wconf 90' lang='lat' dir='ltr'><strong>ae</strong></span> <span class='ocrx_word' id='word_1_189' title='bbox 669 3047 732 3101; x_wconf 90' lang='lat' dir='ltr'><strong>Deo</strong></span> <span class='ocrx_word' id='word_1_190' title='bbox 751 3053 896 3118; x_wconf 89' lang='lat' dir='ltr'><strong>acceptus,</strong></span> <span class='ocrx_word' id='word_1_191' title='bbox 909 3047 1005 3102; x_wconf 78' lang='lat' dir='ltr'><strong>⁶inira</strong></span> <span class='ocrx_word' id='word_1_192' title='bbox 1022 3054 1087 3103; x_wconf 91' lang='lat' dir='ltr'><strong>oete</strong></span> <span class='ocrx_word' id='word_1_193' title='bbox 1108 3049 1170 3102; x_wconf 90' lang='lat' dir='ltr'><strong>dies</strong></span> <span class='ocrx_word' id='word_1_194' title='bbox 1190 3055 1256 3120; x_wconf 89' lang='lat' dir='ltr'><strong>post</strong></span> <span class='ocrx_word' id='word_1_195' title='bbox 1274 3049 1377 3102; x_wconf 81' lang='lat' dir='ltr'><strong>henim</strong></span> 
     </span>
     <span class='ocr_line' id='line_1_24' title="bbox 335 3130 1376 3205; baseline -0.001 -18"><span class='ocrx_word' id='word_1_196' title='bbox 335 3136 355 3162; x_wconf 81' lang='lat'><strong>⁴¹</strong></span> <span class='ocrx_word' id='word_1_197' title='bbox 374 3133 567 3205; x_wconf 86' lang='lat' dir='ltr'><strong>receptionem</strong></span> <span class='ocrx_word' id='word_1_198' title='bbox 586 3130 749 3187; x_wconf 87' lang='lat' dir='ltr'><strong>litterarum</strong></span> <span class='ocrx_word' id='word_1_199' title='bbox 772 3149 823 3203; x_wconf 90' lang='lat' dir='ltr'><strong>por</strong></span> <span class='ocrx_word' id='word_1_200' title='bbox 854 3133 968 3187; x_wconf 86' lang='lat' dir='ltr'><strong>litteras</strong></span> <span class='ocrx_word' id='word_1_201' title='bbox 996 3138 1108 3187; x_wconf 88' lang='lat' dir='ltr'><strong>vestras</strong></span> <span class='ocrx_word' id='word_1_202' title='bbox 1136 3150 1188 3187; x_wconf 90' lang='lat' dir='ltr'><strong>nes</strong></span> <span class='ocrx_word' id='word_1_203' title='bbox 1218 3133 1376 3188; x_wconf 84' lang='lat' dir='ltr'><strong>certificare</strong></span> 
     </span>
     <span class='ocr_line' id='line_1_25' title="bbox 336 3214 1375 3286; baseline -0.003 -15"><span class='ocrx_word' id='word_1_204' title='bbox 336 3218 356 3244; x_wconf 89' lang='grc'>“</span> <span class='ocrx_word' id='word_1_205' title='bbox 374 3216 492 3271; x_wconf 88' lang='lat' dir='ltr'><strong>caretis.</strong></span> <span class='ocrx_word' id='word_1_206' title='bbox 532 3214 659 3286; x_wconf 85' lang='lat' dir='ltr'><strong>Spiritus</strong></span> <span class='ocrx_word' id='word_1_207' title='bbox 673 3214 805 3279; x_wconf 80' lang='lat' dir='ltr'><strong>Sanetus,</strong></span> <span class='ocrx_word' id='word_1_208' title='bbox 821 3216 897 3271; x_wconf 91' lang='lat' dir='ltr'><strong>sieut</strong></span> <span class='ocrx_word' id='word_1_209' title='bbox 905 3215 1037 3285; x_wconf 88' lang='lat' dir='ltr'><strong>justitias</strong></span> <span class='ocrx_word' id='word_1_210' title='bbox 1050 3234 1118 3271; x_wconf 90' lang='lat' dir='ltr'><strong>snas</strong></span> <span class='ocrx_word' id='word_1_211' title='bbox 1130 3216 1196 3279; x_wconf 83' lang='lat' dir='ltr'><strong>sibi,</strong></span> <span class='ocrx_word' id='word_1_212' title='bbox 1216 3216 1375 3285; x_wconf 75' lang='lat' dir='ltr'><strong>⁷‹1nantnm</strong></span> 
     </span>
     <span class='ocr_line' id='line_1_26' title="bbox 337 3298 1377 3370; baseline -0.002 -17"><span class='ocrx_word' id='word_1_213' title='bbox 337 3304 356 3327; x_wconf 77' lang='lat'><strong>‘⁶</strong></span> <span class='ocrx_word' id='word_1_214' title='bbox 377 3300 404 3353; x_wconf 92' lang='lat' dir='ltr'><strong>in</strong></span> <span class='ocrx_word' id='word_1_215' title='bbox 425 3298 507 3353; x_wconf 88' lang='lat' dir='ltr'><strong>vobis</strong></span> <span class='ocrx_word' id='word_1_216' title='bbox 527 3304 581 3361; x_wconf 84' lang='lat' dir='ltr'><strong>est,</strong></span> <span class='ocrx_word' id='word_1_217' title='bbox 607 3298 793 3353; x_wconf 86' lang='lat' dir='ltr'><strong>servaveritis</strong></span> <span class='ocrx_word' id='word_1_218' title='bbox 813 3298 951 3363; x_wconf 83' lang='lat' dir='ltr'><strong>illibatas,</strong></span> <span class='ocrx_word' id='word_1_219' title='bbox 981 3317 1086 3370; x_wconf 86' lang='lat' dir='ltr'><strong>corpus</strong></span> <span class='ocrx_word' id='word_1_220' title='bbox 1104 3306 1235 3355; x_wconf 86' lang='lat' dir='ltr'><strong>vestram</strong></span> <span class='ocrx_word' id='word_1_221' title='bbox 1263 3305 1293 3353; x_wconf 90' lang='lat' dir='ltr'><strong>et</strong></span> <span class='ocrx_word' id='word_1_222' title='bbox 1317 3300 1377 3353; x_wconf 80' lang='grc' dir='ltr'>ιιιιί-</span> 
     </span>
     <span class='ocr_line' id='line_1_27' title="bbox 338 3381 1376 3452; baseline -0.002 -15"><span class='ocrx_word' id='word_1_223' title='bbox 338 3388 357 3410; x_wconf 93' lang='grc'>“</span> <span class='ocrx_word' id='word_1_224' title='bbox 377 3400 453 3437; x_wconf 78' lang='lat' dir='ltr'><strong>niarn</strong></span> <span class='ocrx_word' id='word_1_225' title='bbox 466 3383 578 3437; x_wconf 86' lang='lat' dir='ltr'><strong>salvaro</strong></span> <span class='ocrx_word' id='word_1_226' title='bbox 601 3381 746 3452; x_wconf 80' lang='lat' dir='ltr'><strong>dignetur,</strong></span> <span class='ocrx_word' id='word_1_227' title='bbox 768 3388 798 3437; x_wconf 92' lang='lat' dir='ltr'><strong>et</strong></span> <span class='ocrx_word' id='word_1_228' title='bbox 817 3383 972 3438; x_wconf 78' lang='lat' dir='ltr'><strong>cirstodire.</strong></span> <span class='ocrx_word' id='word_1_229' title='bbox 1011 3384 1095 3439; x_wconf 86' lang='lat' dir='ltr'><strong>Datm</strong></span> <span class='ocrx_word' id='word_1_230' title='bbox 1108 3384 1280 3446; x_wconf 80' lang='lat' dir='ltr'><strong>Ountnarbc,</strong></span> <span class='ocrx_word' id='word_1_231' title='bbox 1301 3384 1376 3436; x_wconf 87' lang='lat' dir='ltr'><strong>vicc-</strong></span> 
     </span>
     <span class='ocr_line' id='line_1_28' title="bbox 339 3466 1377 3539; baseline 0.001 -17"><span class='ocrx_word' id='word_1_232' title='bbox 339 3470 357 3493; x_wconf 89' lang='grc'>“</span> <span class='ocrx_word' id='word_1_233' title='bbox 377 3468 451 3523; x_wconf 89' lang='lat' dir='ltr'><strong>simo</strong></span> <span class='ocrx_word' id='word_1_234' title='bbox 470 3472 571 3522; x_wconf 89' lang='lat' dir='ltr'><strong>oetave</strong></span> <span class='ocrx_word' id='word_1_235' title='bbox 590 3466 637 3521; x_wconf 89' lang='lat' dir='ltr'><strong>die</strong></span> <span class='ocrx_word' id='word_1_236' title='bbox 655 3466 764 3521; x_wconf 87' lang='lat' dir='ltr'><strong>mensis</strong></span> <span class='ocrx_word' id='word_1_237' title='bbox 794 3466 936 3532; x_wconf 87' lang='lat' dir='ltr'><strong>Jannarii,</strong></span> <span class='ocrx_word' id='word_1_238' title='bbox 958 3484 1032 3522; x_wconf 89' lang='lat' dir='ltr'><strong>anno</strong></span> <span class='ocrx_word' id='word_1_239' title='bbox 1051 3476 1085 3523; x_wconf 87' lang='lat' dir='ltr'><strong>nt</strong></span> <span class='ocrx_word' id='word_1_240' title='bbox 1105 3486 1202 3539; x_wconf 70' lang='lat' dir='ltr'><strong>stupra,</strong></span> <span class='ocrx_word' id='word_1_241' title='bbox 1219 3472 1249 3522; x_wconf 89' lang='lat' dir='ltr'><strong>et</strong></span> <span class='ocrx_word' id='word_1_242' title='bbox 1266 3468 1377 3523; x_wconf 74' lang='lat' dir='ltr'><strong>&#39;&#39;trans-</strong></span> 
     </span>
     <span class='ocr_line' id='line_1_29' title="bbox 340 3547 805 3621; baseline -0.002 -18"><span class='ocrx_word' id='word_1_243' title='bbox 340 3554 358 3577; x_wconf 82' lang='lat'><strong>“</strong></span> <span class='ocrx_word' id='word_1_244' title='bbox 379 3550 493 3607; x_wconf 91' lang='lat' dir='ltr'><strong>lationis</strong></span> <span class='ocrx_word' id='word_1_245' title='bbox 512 3556 619 3605; x_wconf 79' lang='lat' dir='ltr'><strong>nostrus</strong></span> <span class='ocrx_word' id='word_1_246' title='bbox 639 3547 805 3621; x_wconf 89' lang='lat' dir='ltr'><strong>septimo.”]</strong></span> 
     </span>
     <span class='ocr_line' id='line_1_30' title="bbox 371 3630 1376 3705; baseline 0.001 -16"><span class='ocrx_word' id='word_1_247' title='bbox 371 3634 456 3689; x_wconf 79' lang='lat' dir='ltr'><strong>Misit</strong></span> <span class='ocrx_word' id='word_1_248' title='bbox 478 3651 593 3705; x_wconf 89' lang='lat' dir='ltr'><strong>quoque</strong></span> <span class='ocrx_word' id='word_1_249' title='bbox 610 3630 853 3704; x_wconf 80' lang='lat' dir='ltr'><strong>Archicpiscepns</strong></span> <span class='ocrx_word' id='word_1_250' title='bbox 872 3633 949 3704; x_wconf 84' lang='lat' dir='ltr'><strong>Regi</strong></span> <span class='ocrx_word' id='word_1_251' title='bbox 967 3652 1001 3690; x_wconf 89' lang='lat' dir='ltr'><strong>ae</strong></span> <span class='ocrx_word' id='word_1_252' title='bbox 1019 3634 1148 3689; x_wconf 81' lang='lat' dir='ltr'><strong>Consilio</strong></span> <span class='ocrx_word' id='word_1_253' title='bbox 1165 3651 1218 3689; x_wconf 90' lang='lat' dir='ltr'><strong>sno</strong></span> <span class='ocrx_word' id='word_1_254' title='bbox 1235 3634 1376 3701; x_wconf 88' lang='lat' dir='ltr'><strong>cedulam,</strong></span> 
     </span>
     <span class='ocr_line' id='line_1_31' title="bbox 337 3716 1083 3782; baseline -0.008 -7"><span class='ocrx_word' id='word_1_255' title='bbox 337 3720 399 3775; x_wconf 91' lang='lat' dir='ltr'><strong>sivo</strong></span> <span class='ocrx_word' id='word_1_256' title='bbox 416 3716 536 3782; x_wconf 88' lang='lat' dir='ltr'><strong>bullam,</strong></span> <span class='ocrx_word' id='word_1_257' title='bbox 556 3718 587 3771; x_wconf 91' lang='lat' dir='ltr'><strong>in</strong></span> <span class='ocrx_word' id='word_1_258' title='bbox 604 3718 681 3771; x_wconf 92' lang='lat' dir='ltr'><strong>hunc</strong></span> <span class='ocrx_word' id='word_1_259' title='bbox 698 3716 817 3771; x_wconf 91' lang='lat' dir='ltr'><strong>modum</strong></span> <span class='ocrx_word' id='word_1_260' title='bbox 835 3719 1083 3773; x_wconf 87' lang='lat' dir='ltr'><strong>continentem:-</strong></span> 
     </span>
     <span class='ocr_line' id='line_1_32' title="bbox 279 3800 1544 3873; baseline -0.001 -15"><span class='ocrx_word' id='word_1_261' title='bbox 279 3808 312 3859; x_wconf 88' lang='lat' dir='ltr'><strong>rl.</strong></span> <span class='ocrx_word' id='word_1_262' title='bbox 373 3802 392 3830; x_wconf 80' lang='lat'><strong>‘¹</strong></span> <span class='ocrx_word' id='word_1_263' title='bbox 411 3802 536 3857; x_wconf 89' lang='lat' dir='ltr'><strong>Domino</strong></span> <span class='ocrx_word' id='word_1_264' title='bbox 562 3807 660 3856; x_wconf 88' lang='lat' dir='ltr'><strong>nostro</strong></span> <span class='ocrx_word' id='word_1_265' title='bbox 686 3800 771 3871; x_wconf 84' lang='lat' dir='ltr'><strong>Regi,</strong></span> <span class='ocrx_word' id='word_1_266' title='bbox 800 3800 986 3872; x_wconf 71' lang='lat' dir='ltr'><strong>consilioque</strong></span> <span class='ocrx_word' id='word_1_267' title='bbox 1011 3802 1090 3866; x_wconf 71' lang='lat' dir='ltr'><strong>⁹sno,</strong></span> <span class='ocrx_word' id='word_1_268' title='bbox 1119 3800 1166 3873; x_wconf 89' lang='lat' dir='ltr'><strong>[ae</strong></span> <span class='ocrx_word' id='word_1_269' title='bbox 1190 3804 1323 3859; x_wconf 87' lang='lat' dir='ltr'><strong>omnibus</strong></span> <span class='ocrx_word' id='word_1_270' title='bbox 1348 3809 1445 3869; x_wconf 69' lang='lat' dir='ltr'><strong>ctThe</strong></span> <span class='ocrx_word' id='word_1_271' title='bbox 1462 3818 1544 3869; x_wconf 64' lang='lat' dir='ltr'>Arch.</span> 
     </span>
     <span class='ocr_line' id='line_1_33' title="bbox 337 3884 1519 3957; baseline 0 -15"><span class='ocrx_word' id='word_1_272' title='bbox 337 3888 356 3914; x_wconf 85' lang='lat'>“</span> <span class='ocrx_word' id='word_1_273' title='bbox 376 3884 500 3957; x_wconf 86' lang='lat' dir='ltr'><strong>singulis</strong></span> <span class='ocrx_word' id='word_1_274' title='bbox 513 3885 583 3941; x_wconf 93' lang='lat' dir='ltr'><strong>dieti</strong></span> <span class='ocrx_word' id='word_1_275' title='bbox 597 3884 718 3941; x_wconf 79' lang='lat' dir='ltr'><strong>consilii</strong></span> <span class='ocrx_word' id='word_1_276' title='bbox 731 3886 775 3939; x_wconf 88' lang='lat' dir='ltr'><strong>sni</strong></span> <span class='ocrx_word' id='word_1_277' title='bbox 794 3886 935 3956; x_wconf 86' lang='lat' dir='ltr'><strong>personis,</strong></span> <span class='ocrx_word' id='word_1_278' title='bbox 949 3892 1143 3941; x_wconf 80' lang='lat' dir='ltr'><strong>mermtramns</strong></span> <span class='ocrx_word' id='word_1_279' title='bbox 1155 3905 1206 3943; x_wconf 87' lang='lat' dir='ltr'><strong>nos</strong></span> <span class='ocrx_word' id='word_1_280' title='bbox 1219 3888 1238 3943; x_wconf 84' lang='lat' dir='ltr'><strong>J</strong></span> <span class='ocrx_word' id='word_1_281' title='bbox 1240 3888 1374 3951; x_wconf 87' lang='lat' dir='ltr'><strong>ohannes,</strong></span> <span class='ocrx_word' id='word_1_282' title='bbox 1389 3886 1478 3949; x_wconf 85' lang='lat' dir='ltr'><strong>bishop</strong></span> <span class='ocrx_word' id='word_1_283' title='bbox 1489 3886 1519 3935; x_wconf 83' lang='lat' dir='ltr'><strong>of</strong></span> 
     </span>
     <span class='ocr_line' id='line_1_34' title="bbox 279 3952 1493 4042; baseline 0.002 -19"><span class='ocrx_word' id='word_1_284' title='bbox 279 3961 296 4010; x_wconf 73' lang='lat' dir='ltr'><strong>i&#39;</strong></span> <span class='ocrx_word' id='word_1_285' title='bbox 339 3971 358 3997; x_wconf 82' lang='lat'><strong>‘¹</strong></span> <span class='ocrx_word' id='word_1_286' title='bbox 377 3970 567 4041; x_wconf 88' lang='lat' dir='ltr'><strong>permissione</strong></span> <span class='ocrx_word' id='word_1_287' title='bbox 603 3968 701 4023; x_wconf 91' lang='lat' dir='ltr'><strong>divina</strong></span> <span class='ocrx_word' id='word_1_288' title='bbox 744 3967 961 4024; x_wconf 69' lang='lat' dir='ltr'><strong>cantuariensis</strong></span> <span class='ocrx_word' id='word_1_289' title='bbox 991 3967 1246 4042; x_wconf 81' lang='lat' dir='ltr'><strong>Archiopiscopus,</strong></span> <span class='ocrx_word' id='word_1_290' title='bbox 1286 3973 1376 4026; x_wconf 85' lang='lat' dir='ltr'><strong>totius</strong></span> <span class='ocrx_word' id='word_1_291' title='bbox 1390 3952 1493 4037; x_wconf 53' lang='lat' dir='ltr'><strong>camir·</strong></span> 
     </span>
     <span class='ocr_line' id='line_1_35' title="bbox 338 4018 1542 4134; baseline 0 -27"><span class='ocrx_word' id='word_1_292' title='bbox 338 4054 357 4081; x_wconf 83' lang='lat'><strong>⁸&#39;</strong></span> <span class='ocrx_word' id='word_1_293' title='bbox 377 4053 493 4125; x_wconf 82' lang='lat' dir='ltr'><strong>Anglim</strong></span> <span class='ocrx_word' id='word_1_294' title='bbox 523 4052 637 4107; x_wconf 87' lang='lat' dir='ltr'><strong>Primus</strong></span> <span class='ocrx_word' id='word_1_295' title='bbox 665 4058 695 4106; x_wconf 94' lang='lat' dir='ltr'><strong>et</strong></span> <span class='ocrx_word' id='word_1_296' title='bbox 722 4052 806 4107; x_wconf 85' lang='lat' dir='ltr'><strong>Sedis</strong></span> <span class='ocrx_word' id='word_1_297' title='bbox 830 4052 1006 4124; x_wconf 76' lang='lat' dir='ltr'><strong>Apostoliete</strong></span> <span class='ocrx_word' id='word_1_298' title='bbox 1033 4054 1171 4125; x_wconf 83' lang='lat' dir='ltr'><strong>Legatns,</strong></span> <span class='ocrx_word' id='word_1_299' title='bbox 1200 4054 1278 4125; x_wconf 85' lang='lat' dir='ltr'><strong>qued</strong></span> <span class='ocrx_word' id='word_1_300' title='bbox 1309 4072 1375 4109; x_wconf 91' lang='lat' dir='ltr'><strong>eum</strong></span> <span class='ocrx_word' id='word_1_301' title='bbox 1388 4018 1542 4134; x_wconf 39' lang='lat' dir='ltr'><strong>woffo*</strong></span> 
     </span>
     <span class='ocr_line' id='line_1_36' title="bbox 337 4134 1518 4215; baseline 0.001 -23"><span class='ocrx_word' id='word_1_302' title='bbox 337 4139 356 4166; x_wconf 79' lang='lat'><strong>&#39;⁶</strong></span> <span class='ocrx_word' id='word_1_303' title='bbox 375 4153 474 4192; x_wconf 90' lang='lat' dir='ltr'><strong>omnes</strong></span> <span class='ocrx_word' id='word_1_304' title='bbox 491 4134 613 4192; x_wconf 88' lang='lat' dir='ltr'><strong>clericos</strong></span> <span class='ocrx_word' id='word_1_305' title='bbox 631 4135 785 4206; x_wconf 88' lang='lat' dir='ltr'><strong>capientes,</strong></span> <span class='ocrx_word' id='word_1_306' title='bbox 805 4136 835 4191; x_wconf 90' lang='lat' dir='ltr'><strong>in</strong></span> <span class='ocrx_word' id='word_1_307' title='bbox 853 4154 998 4192; x_wconf 81' lang='lat' dir='ltr'><strong>carcerem</strong></span> <span class='ocrx_word' id='word_1_308' title='bbox 1016 4137 1107 4193; x_wconf 82' lang='lat' dir='ltr'><strong>invite</strong></span> <span class='ocrx_word' id='word_1_309' title='bbox 1118 4139 1276 4202; x_wconf 88' lang='lat' dir='ltr'><strong>mittentes,</strong></span> <span class='ocrx_word' id='word_1_310' title='bbox 1296 4137 1317 4169; x_wconf 91' lang='lat'><strong>¹⁰</strong></span> <span class='ocrx_word' id='word_1_311' title='bbox 1325 4155 1376 4192; x_wconf 88' lang='lat' dir='ltr'><strong>seu</strong></span> <span class='ocrx_word' id='word_1_312' title='bbox 1388 4153 1459 4215; x_wconf 72' lang='lat' dir='ltr'><strong>King</strong></span> <span class='ocrx_word' id='word_1_313' title='bbox 1467 4153 1518 4203; x_wconf 70' lang='lat' dir='ltr'><strong>and</strong></span> 
     </span>
    </p>
   </div>
   <div class='ocr_carea' id='block_1_3' title="bbox 337 4217 1495 4336">
    <p class='ocr_par' dir='ltr' id='par_1_3' title="bbox 337 4217 1495 4336">
     <span class='ocr_line' id='line_1_37' title="bbox 337 4217 1495 4336; baseline -0.003 -59"><span class='ocrx_word' id='word_1_314' title='bbox 337 4224 357 4251; x_wconf 91' lang='grc'>“</span> <span class='ocrx_word' id='word_1_315' title='bbox 376 4221 547 4285; x_wconf 90' lang='lat' dir='ltr'><strong>detinentes,</strong></span> <span class='ocrx_word' id='word_1_316' title='bbox 573 4238 607 4275; x_wconf 91' lang='lat' dir='ltr'><strong>ae</strong></span> <span class='ocrx_word' id='word_1_317' title='bbox 631 4237 680 4275; x_wconf 87' lang='lat' dir='ltr'><strong>eos</strong></span> <span class='ocrx_word' id='word_1_318' title='bbox 708 4238 879 4291; x_wconf 86' lang='lat' dir='ltr'><strong>quoeunque</strong></span> <span class='ocrx_word' id='word_1_319' title='bbox 904 4222 1051 4278; x_wconf 90' lang='lat' dir='ltr'><strong>voluerint</strong></span> <span class='ocrx_word' id='word_1_320' title='bbox 1067 4220 1159 4277; x_wconf 90' lang='lat' dir='ltr'><strong>libero</strong></span> <span class='ocrx_word' id='word_1_321' title='bbox 1176 4224 1221 4277; x_wconf 88' lang='lat' dir='ltr'><strong>ire</strong></span> <span class='ocrx_word' id='word_1_322' title='bbox 1238 4240 1295 4277; x_wconf 92' lang='lat' dir='ltr'><strong>non</strong></span> <span class='ocrx_word' id='word_1_323' title='bbox 1312 4238 1376 4293; x_wconf 91' lang='lat' dir='ltr'><strong>per·</strong></span> <span class='ocrx_word' id='word_1_324' title='bbox 1389 4217 1495 4336; x_wconf 48' lang='lat' dir='ltr'><strong>80:³3·ch</strong></span> 
     </span>
    </p>
   </div>
   <div class='ocr_carea' id='block_1_4' title="bbox 341 4485 1376 5091">
    <p class='ocr_par' dir='ltr' id='par_1_4' title="bbox 368 4485 1376 4947">
     <span class='ocr_line' id='line_1_38' title="bbox 369 4485 1376 4547; baseline 0 -14"><span class='ocrx_word' id='word_1_325' title='bbox 369 4486 482 4545; x_wconf 70' lang='lat' dir='ltr'><strong>&#39;Quare</strong></span> <span class='ocrx_word' id='word_1_326' title='bbox 498 4485 566 4533; x_wconf 89' lang='lat' dir='ltr'><strong>llnrl.</strong></span> <span class='ocrx_word' id='word_1_327' title='bbox 580 4488 636 4532; x_wconf 71' lang='grc'><strong>655.</strong></span> <span class='ocrx_word' id='word_1_328' title='bbox 855 4534 857 4541; x_wconf 66' lang='grc'>,</span> <span class='ocrx_word' id='word_1_329' title='bbox 911 4485 998 4535; x_wconf 74' lang='lat' dir='ltr'><strong>&#39;&#39;l&#39;his</strong></span> <span class='ocrx_word' id='word_1_330' title='bbox 1018 4490 1068 4535; x_wconf 80' lang='lat' dir='ltr'><strong>aad</strong></span> <span class='ocrx_word' id='word_1_331' title='bbox 1092 4488 1133 4535; x_wconf 83' lang='lat' dir='ltr'><strong>the</strong></span> <span class='ocrx_word' id='word_1_332' title='bbox 1156 4486 1224 4535; x_wconf 74' lang='lat' dir='ltr'><strong>thre·</strong></span> <span class='ocrx_word' id='word_1_333' title='bbox 1248 4486 1376 4547; x_wconf 78' lang='lat' dir='ltr'><strong>lbllowing</strong></span> 
     </span>
     <span class='ocr_line' id='line_1_39' title="bbox 368 4552 1315 4645; baseline 0.003 -34"><span class='ocrx_word' id='word_1_334' title='bbox 368 4568 438 4623; x_wconf 65' lang='lat' dir='ltr'><strong>sm,</strong></span> <span class='ocrx_word' id='word_1_335' title='bbox 453 4565 522 4613; x_wconf 73' lang='lat' dir='ltr'><strong>nan</strong></span> <span class='ocrx_word' id='word_1_336' title='bbox 538 4570 594 4613; x_wconf 76' lang='lat' dir='ltr'><strong>ecc.</strong></span> <span class='ocrx_word' id='word_1_337' title='bbox 855 4552 858 4645; x_wconf 61' lang='lat' dir='ltr'><strong>l</strong></span> <span class='ocrx_word' id='word_1_338' title='bbox 880 4567 960 4613; x_wconf 44' lang='lat' dir='ltr'><strong>erens</strong></span> <span class='ocrx_word' id='word_1_339' title='bbox 972 4580 1013 4613; x_wconf 69' lang='lat' dir='ltr'><strong>are</strong></span> <span class='ocrx_word' id='word_1_340' title='bbox 1024 4566 1128 4614; x_wconf 72' lang='lat' dir='ltr'><strong>annes</strong></span> <span class='ocrx_word' id='word_1_341' title='bbox 1141 4566 1166 4613; x_wconf 77' lang='lat' dir='ltr'><strong>n</strong></span> <span class='ocrx_word' id='word_1_342' title='bbox 1179 4565 1246 4613; x_wconf 74' lang='lat' dir='ltr'><strong>nan</strong></span> <span class='ocrx_word' id='word_1_343' title='bbox 1260 4570 1315 4614; x_wconf 77' lang='lat' dir='ltr'><strong>ecs.</strong></span> 
     </span>
     <span class='ocr_line' id='line_1_40' title="bbox 370 4644 1368 4703; baseline 0.003 -12"><span class='ocrx_word' id='word_1_344' title='bbox 370 4648 482 4700; x_wconf 69' lang='lat' dir='ltr'><strong>lrerera,</strong></span> <span class='ocrx_word' id='word_1_345' title='bbox 497 4644 557 4692; x_wconf 83' lang='lat' dir='ltr'><strong>llarl</strong></span> <span class='ocrx_word' id='word_1_346' title='bbox 571 4649 625 4690; x_wconf 69' lang='grc'>655.</span> <span class='ocrx_word' id='word_1_347' title='bbox 855 4652 857 4693; x_wconf 78' lang='grc' dir='ltr'>ἷ</span> <span class='ocrx_word' id='word_1_348' title='bbox 912 4646 1118 4693; x_wconf 62' lang='lat' dir='ltr'><strong>ieensecretionis</strong></span> <span class='ocrx_word' id='word_1_349' title='bbox 1129 4652 1223 4703; x_wconf 72' lang='lat' dir='ltr'><strong>vaauen,</strong></span> <span class='ocrx_word' id='word_1_350' title='bbox 1236 4644 1307 4693; x_wconf 82' lang='lat' dir='ltr'><strong>Harl.</strong></span> <span class='ocrx_word' id='word_1_351' title='bbox 1320 4650 1368 4694; x_wconf 78' lang='lat'><strong>655</strong></span> 
     </span>
     <span class='ocr_line' id='line_1_41' title="bbox 373 4722 1375 4789; baseline 0 -16"><span class='ocrx_word' id='word_1_352' title='bbox 373 4726 506 4789; x_wconf 64' lang='lat' dir='ltr'><strong>‘monet</strong></span> <span class='ocrx_word' id='word_1_353' title='bbox 518 4722 591 4774; x_wconf 87' lang='lat' dir='ltr'><strong>llarl.</strong></span> <span class='ocrx_word' id='word_1_354' title='bbox 603 4728 659 4773; x_wconf 76' lang='lat'><strong>655.</strong></span> <span class='ocrx_word' id='word_1_355' title='bbox 911 4722 1046 4773; x_wconf 65' lang='lat' dir='ltr'><strong>”Omitted</strong></span> <span class='ocrx_word' id='word_1_356' title='bbox 1066 4724 1093 4771; x_wconf 93' lang='lat' dir='ltr'><strong>iu</strong></span> <span class='ocrx_word' id='word_1_357' title='bbox 1116 4723 1159 4773; x_wconf 86' lang='lat' dir='ltr'><strong>the</strong></span> <span class='ocrx_word' id='word_1_358' title='bbox 1177 4724 1294 4773; x_wconf 82' lang='lat' dir='ltr'><strong>Arundel</strong></span> <span class='ocrx_word' id='word_1_359' title='bbox 1310 4723 1375 4787; x_wconf 66' lang='lat' dir='ltr'><strong>MS,</strong></span> 
     </span>
     <span class='ocr_line' id='line_1_42' title="bbox 371 4798 1376 4867; baseline 0 -16"><span class='ocrx_word' id='word_1_360' title='bbox 371 4806 380 4831; x_wconf 82' lang='lat'><strong>³</strong></span> <span class='ocrx_word' id='word_1_361' title='bbox 391 4800 422 4851; x_wconf 82' lang='lat' dir='ltr'><strong>Si</strong></span> <span class='ocrx_word' id='word_1_362' title='bbox 433 4819 488 4851; x_wconf 81' lang='lat' dir='ltr'><strong>cere</strong></span> <span class='ocrx_word' id='word_1_363' title='bbox 495 4800 626 4867; x_wconf 76' lang='lat' dir='ltr'><strong>predicti,</strong></span> <span class='ocrx_word' id='word_1_364' title='bbox 636 4798 707 4851; x_wconf 91' lang='lat' dir='ltr'><strong>llarl.</strong></span> <span class='ocrx_word' id='word_1_365' title='bbox 721 4804 777 4850; x_wconf 77' lang='lat'><strong>655.</strong></span> <span class='ocrx_word' id='word_1_366' title='bbox 878 4803 928 4851; x_wconf 86' lang='lat' dir='ltr'><strong>and</strong></span> <span class='ocrx_word' id='word_1_367' title='bbox 939 4800 1054 4865; x_wconf 85' lang='lat' dir='ltr'><strong>supplied</strong></span> <span class='ocrx_word' id='word_1_368' title='bbox 1063 4802 1129 4851; x_wconf 82' lang='lat' dir='ltr'><strong>from</strong></span> <span class='ocrx_word' id='word_1_369' title='bbox 1138 4803 1179 4853; x_wconf 81' lang='lat' dir='ltr'><strong>ihc</strong></span> <span class='ocrx_word' id='word_1_370' title='bbox 1190 4803 1286 4854; x_wconf 83' lang='lat' dir='ltr'><strong>textos</strong></span> <span class='ocrx_word' id='word_1_371' title='bbox 1298 4802 1376 4853; x_wconf 80' lang='lat' dir='ltr'><strong>ilenr-</strong></span> 
     </span>
     <span class='ocr_line' id='line_1_43' title="bbox 370 4880 1288 4947; baseline 0.003 -18"><span class='ocrx_word' id='word_1_372' title='bbox 370 4886 442 4946; x_wconf 69' lang='lat' dir='ltr'><strong>“past</strong></span> <span class='ocrx_word' id='word_1_373' title='bbox 459 4891 549 4947; x_wconf 73' lang='lat' dir='ltr'><strong>tmpus</strong></span> <span class='ocrx_word' id='word_1_374' title='bbox 568 4880 740 4946; x_wconf 76' lang='lat' dir='ltr'><strong>suprmlietun,</strong></span> <span class='ocrx_word' id='word_1_375' title='bbox 765 4884 831 4945; x_wconf 79' lang='lat' dir='ltr'><strong>infre</strong></span> <span class='ocrx_word' id='word_1_376' title='bbox 877 4880 1288 4945; x_wconf 79' lang='lat' dir='ltr'><strong>ingburghaudMS.11url.655.</strong></span> 
     </span>
    </p>

    <p class='ocr_par' dir='ltr' id='par_1_5' title="bbox 342 4959 1154 5035">
     <span class='ocr_line' id='line_1_44' title="bbox 342 4959 1154 5035; baseline 0.002 -25"><span class='ocrx_word' id='word_1_377' title='bbox 342 4968 392 5007; x_wconf 66' lang='lat' dir='ltr'><strong>wie</strong></span> <span class='ocrx_word' id='word_1_378' title='bbox 406 4960 458 5011; x_wconf 76' lang='lat' dir='ltr'><strong>dies</strong></span> <span class='ocrx_word' id='word_1_379' title='bbox 469 4978 515 5026; x_wconf 78' lang='lat' dir='ltr'><strong>per</strong></span> <span class='ocrx_word' id='word_1_380' title='bbox 529 4959 622 5010; x_wconf 75' lang='lat' dir='ltr'><strong>litteras</strong></span> <span class='ocrx_word' id='word_1_381' title='bbox 642 4970 741 5023; x_wconf 72' lang='lat' dir='ltr'><strong>centres,</strong></span> <span class='ocrx_word' id='word_1_382' title='bbox 762 4962 831 5011; x_wconf 78' lang='lat' dir='ltr'><strong>llari.</strong></span> <span class='ocrx_word' id='word_1_383' title='bbox 854 5004 856 5035; x_wconf 69' lang='grc' dir='ltr'>Ι</span> <span class='ocrx_word' id='word_1_384' title='bbox 914 4963 932 4991; x_wconf 81' lang='lat'><strong>¹⁰</strong></span> <span class='ocrx_word' id='word_1_385' title='bbox 943 4961 1001 5021; x_wconf 72' lang='lat' dir='ltr'><strong>aive,</strong></span> <span class='ocrx_word' id='word_1_386' title='bbox 1013 4960 1085 5011; x_wconf 77' lang='lat' dir='ltr'><strong>Harl.</strong></span> <span class='ocrx_word' id='word_1_387' title='bbox 1098 4967 1154 5012; x_wconf 78' lang='lat'>655.</span> 
     </span>
    </p>

    <p class='ocr_par' dir='ltr' id='par_1_6' title="bbox 341 5046 397 5091">
     <span class='ocr_line' id='line_1_45' title="bbox 341 5046 397 5091; baseline -0.036 -1"><span class='ocrx_word' id='word_1_388' title='bbox 341 5046 397 5091; x_wconf 69' lang='lat'><strong>⁴15⁵.</strong></span> 
     </span>
    </p>
   </div>
   <div class='ocr_carea' id='block_1_5' title="bbox 0 0 1880 6247">
    <p class='ocr_par' dir='ltr' id='par_1_7' title="bbox 0 0 1880 6247">
     <span class='ocr_line' id='line_1_46' title="bbox 0 0 1880 6247; baseline 0 0"><span class='ocrx_word' id='word_1_389' title='bbox 0 0 1880 6247; x_wconf 95' lang='lat' dir='ltr'><strong> </strong></span> 
     </span>
    </p>
   </div>
  </div>
 </body>
</html>
