3750 6250
666 1073 832 1128 HISTORIA
845 1074 1055 1129 incussus.
1340 1061 1382 1128 1⁶

199 1251 321 1332 hm·
374 1261 447 1317 Post
471 1261 701 1319 Parliameutum
727 1281 797 1319 vero
822 1264 894 1331 Rex,
919 1272 955 1322 ut
971 1265 1095 1322 Leulino
1117 1265 1250 1338 Principi
1270 1265 1385 1323 Wellioe
1441 1272 1509 1327 Ad).

199 1319 309 1440 ⁵¹:⁸⁴
337 1345 458 1402 liberior
475 1346 513 1401 ed
531 1365 562 1403 se
579 1353 695 1421 pateret
719 1365 864 1414 accessus,
885 1349 1032 1406 cestriam
1057 1368 1161 1422 osque,
1185 1368 1250 1422 quae
1268 1350 1300 1405 in
1320 1344 1554 1407 con-12⁷⁵·lm·

199 1401 241 1508 ᾗ,
338 1430 407 1485 finio
427 1430 542 1487 wallis
572 1433 630 1487 sita
659 1438 714 1498 est,
744 1434 945 1505 progreditur.
994 1435 1097 1491 Missis
1121 1435 1229 1491 iterum
1259 1435 1384 1500 nunciis,
1398 1421 1507 1472 ΠΜ

337 1516 506 1586 homagium
525 1516 618 1587 exigit
637 1516 674 1571 sb
700 1517 812 1573 eodem.
862 1518 925 1589 Quo
943 1519 1087 1576 mendatis
1104 1520 1197 1591 regiis
1215 1536 1318 1592 parere
1336 1519 1386 1575 dc·
1397 1490 1516 1607 m
1527 1496 1553 1542 ω

336 1605 489 1665 bestente,
516 1600 579 1656 Rex
597 1602 758 1658 exercitum
776 1609 924 1668 oouvooat,
945 1604 1102 1676 disponens
1127 1604 1305 1677 Principem,
1329 1603 1386 1660 sibi
1506 1603 1509 1609 '

336 1684 530 1756 denegantem
547 1686 728 1758 homagium,
742 1686 778 1743 de
797 1705 850 1743 suo
868 1687 953 1744 feodo
971 1706 1147 1761 expugnare.

372 1768 483 1824 Eodem
503 1787 588 1835 enno,
607 1772 639 1826 in
656 1773 789 1843 pertibus
807 1772 997 1828 Australibus
1015 1773 1143 1843 Angliae,
1166 1777 1196 1828 et
1213 1772 1386 1829 Occidenta-

336 1851 424 1918 libus,
437 1859 525 1909 terrae
542 1860 639 1910 motus
652 1856 803 1911 horribilis
815 1857 949 1926 contigit,
964 1856 1038 1911 feria
1050 1862 1155 1928 quarte
1173 1858 1250 1912 iufra
1261 1857 1386 1913 Octabes

337 1936 508 1994 Nativitetis
528 1938 663 2009 Virginis
690 1940 836 2011 gloriosus.
879 1940 1091 1996 Pestilentiolis
1116 1942 1205 1996 stiam
1229 1941 1384 2012 egritudo,

336 2038 405 2078 oves
423 2040 603 2088 consumens,
623 2024 720 2080 scabie
738 2026 880 2096 plurimes
898 2025 1054 2081 interfecit.
1126 2029 1135 2046 '

371 2107 437 2163 Hoo
462 2125 546 2172 auno,
574 2108 662 2164 solvit
690 2110 817 2181 populus
842 2109 920 2180 Regi
938 2109 1214 2180 quintumdecimum
1232 2110 1384 2179 bonorum,

337 2209 402 2262 quar
419 2193 498 2263 petri
516 2210 570 2247 suo
588 2192 739 2249 dicebatur
756 2211 964 2265 proecoucessa.

370 2277 490 2333 'lbansit
506 2294 599 2332 annus
625 2278 682 2333 iste
712 2279 839 2350 frugifer
865 2284 896 2333 et
920 2278 1056 2334 fructifer
1084 2276 1221 2350 Angliooe
1250 2278 1384 2351 regionir

336 2359 512 2418 Christianis
530 2368 561 2417 et
578 2363 738 2418 incredulis
756 2380 775 2418 a
791 2363 878 2418 bellis
896 2363 1007 2435 ubique
1026 2364 1153 2434 quietus.

199 2480 305 2533 &Bm
370 2447 457 2503 Anno
480 2446 637 2502 millesimo
667 2446 865 2502 ducentesimo
904 2447 1120 2519 septuagesimo
1162 2447 1294 2519 septimo,
1333 2448 1384 2519 qui
1397 2467 1554 2537 Thedgugh.

199 2562 229 2612 3,
245 2553 278 2597 18
336 2536 381 2586 est
412 2548 505 2585 eunus
530 2530 616 2600 regni
647 2530 739 2600 Regis
758 2530 904 2594 Edwardi,
924 2548 943 2584 a
961 2529 1138 2601 Conquestu
1168 2530 1271 2594 Primi,
1298 2550 1383 2603 quar-
1395 2541 1435 2585 ter
1445 2537 1525 2590 ofthe

207 2615 244 2665 ix.
335 2620 392 2677 tus,
413 2614 571 2669 comitisse
597 2614 784 2685 Leycestriae‚
805 2614 911 2669 relicte
934 2614 1074 2670 videlicet
1100 2613 1228 2670 Simonis
1247 2615 1282 2669 de
1301 2602 1498 2681 Mon-&¹⁰¹⁴
1547 2609 1554 2663 ῗ

200 2681 322 2747 ΜΝ·
335 2698 444 2762 teser-ti,
487 2696 633 2768 quondum
675 2697 799 2753 Comitis
838 2698 1026 2768 Leyoestriae,
1063 2716 1128 2769 quas
1171 2699 1268 2755 fuerat
1300 2718 1384 2756 soror
1396 2669 1524 2789 Ἕω

199 2746 222 2797 s'
231 2748 301 2865 Ἦ
335 2782 468 2845 Henrioi,
487 2781 580 2852 Regis
598 2781 725 2852 singlis,
748 2788 786 2847 et,
809 2784 905 2837 occiso
918 2783 1033 2847 morito,
1053 2800 1120 2837 cum
1133 2784 1194 2837 suis
1213 2784 1245 2838 in
1257 2783 1384 2840 Galliam
1396 2750 1431 2787 w

199 2827 247 2931 ᾗ,
336 2867 462 2937 fugerat,
484 2884 518 2920 ac
548 2867 579 2920 in
597 2866 682 2920 domo
707 2867 847 2921 Sororum
865 2868 901 2921 de
920 2866 1029 2922 Ordine
1054 2867 1283 2923 Praedicetorum
1307 2868 1384 2942 apud

335 2950 517 3021 Montargys,
544 2968 562 3005 s
579 2968 678 3005 sorore
699 2952 757 3007 viri
782 2952 828 3006 sui
846 2950 975 3015 fundate,
993 2951 1171 3016 merebatur,
1191 2952 1282 3007 filium
1301 2972 1384 3009 suem

335 3034 499 3090 transmisit
518 3034 550 3088 iu
561 3034 708 3099 Wsllium,
729 3036 870 3106 Principi,
891 3036 969 3091 sicut
986 3042 1069 3106 petre
1086 3035 1204 3091 vivente
1223 3038 1277 3091 sub
1296 3039 1384 3093 certis

335 3120 419 3175 iactis
436 3127 610 3176 conventum
628 3120 733 3185 iuerat,
752 3119 955 3176 maritandam.
993 3120 1106 3175 Ducem
1124 3139 1195 3177 voro
1212 3121 1336 3187 itineris,
1350 3141 1384 3179 ac

335 3211 553 3276 procuratorem
583 3205 705 3274 negotii,
731 3205 932 3276 Aymericum‚
961 3205 1056 3260 filium
1086 3223 1172 3259 suum
1200 3223 1383 3275 germanum,

332 3289 438 3361 puellm
456 3288 617 3353 coustituit,
638 3290 787 3360 assignato
805 3289 917 3343 eisdem
935 3290 1082 3344 comitiva.
1131 3289 1187 3357 Qui
1214 3297 1382 3361 suspectum

333 3371 472 3427 babentes
502 3373 560 3427 iter
589 3390 643 3444 per
670 3371 818 3443 Angliam,
839 3390 958 3427 emenso
985 3374 1080 3428 multo
1106 3373 1196 3426 maris
1221 3374 1325 3444 spatio,
1345 3374 1383 3429 ed

332 3457 443 3512 insulas
472 3456 589 3520 Silvius,
619 3473 684 3526 quse
709 3457 851 3511 terminos
877 3456 1033 3511 Cornubiae
1052 3475 1068 3512 c
1086 3457 1183 3512 vicino
1210 3459 1380 3530 respiciunt,

333 3540 534 3606 devehuntur3
554 3541 605 3595 ubi
623 3559 642 3594 s
659 3546 784 3611 quatuor
802 3541 925 3595 navibus
953 3541 1205 3605 Bristolleusibus,
1226 3559 1262 3597 ex
1285 3542 1380 3616 inspe-

333 3633 396 3682 rato
432 3626 716 3698 supervenientibus,
748 3626 960 3697 comprehensi,
992 3626 1030 3681 sd
1068 3628 1253 3698 presentium
1289 3628 1381 3700 Regis

334 3710 668 3782 Anglise'deducuutur3
690 3710 750 3782 qui,
781 3718 897 3766 retente
922 3712 1022 3789 puelle
1045 3712 1202 3766 honorifice
1221 3713 1251 3766 in
1269 3714 1382 3769 comiti·

333 3811 399 3849 ram
427 3795 559 3865 Reginis,
576 3794 775 3864 Aymericum,
795 3795 917 3849 fratrem
944 3813 1039 3860 suum,
1064 3797 1159 3866 primo
1178 3797 1210 3850 in
1230 3802 1326 3851 oestro
1346 3798 1383 3851 de

334 3877 412 3943 Ocri,
427 3885 458 3933 et
473 3884 576 3949 postea
593 3879 625 3932 in
645 3885 740 3934 cestro
759 3877 795 3932 de
815 3878 1045 3946 Scherebourue,
1067 3879 1121 3935 sub
1140 3879 1273 3936 custodis
1289 3880 1383 3938 libera

334 3962 467 4028 detinuit,
487 3962 539 4018 sed
557 3980 668 4017 secure.

367 4048 479 4103 Eodem
497 4055 626 4117 tempore
645 4047 725 4118 Pepa
743 4045 915 4117 Gregorius,
936 4048 1014 4118 epud
1038 4048 1193 4103 Aresoium
1214 4049 1379 4116 defunctus,
1394 4050 1549 4119 GregoryX.

333 4131 441 4186 ibidem
458 4131 586 4186 truditur
603 4131 770 4201 sepulturus.
809 4131 865 4186 Oui
884 4133 1026 4187 successit
1043 4132 1230 4188 Innocentius
1244 4133 1379 4201 Quintus,
1393 4129 1555 4184 Innocentv.

333 4217 448 4271 natione
457 4215 647 4286 Burgundus,
658 4215 694 4268 de
704 4214 882 4279 (darentasia,
892 4215 988 4271 dictus
999 4215 1093 4271 ¹sntea
1102 4221 1120 4244 ‘⁴
1130 4216 1234 4271 Frater
1242 4217 1380 4284 Petrus;’'

335 4301 383 4370 qui
401 4303 432 4355 in
450 4299 559 4356 Ordine
579 4299 808 4354 Praedicatorum
834 4298 932 4353 studio
958 4299 1178 4371 Scripturarum
1200 4300 1326 4365 deditus,
1347 4319 1381 4357 ao

335 4383 441 4439 Doctor
453 4383 621 4453 Theologim
633 4383 764 4438 Parisino
778 4384 880 4447 sectus,
901 4384 1051 4454 sapientise
1064 4402 1124 4438 sum
1136 4386 1277 4439 memoris
1289 4385 1382 4440 mults

334 4468 485 4522 scribendo
514 4467 601 4522 utilia
627 4467 752 4538 posteris
777 4467 945 4538 dereliquit.
995 4468 1051 4536 Qui
1069 4487 1136 4522 cum
1154 4476 1232 4523 esset
1249 4470 1296 4525 vir
1314 4470 1382 4525 reli·

334 4553 427 4622 gionis
445 4551 569 4615 eximiae,
583 4557 767 4622 expertesque
785 4551 958 4621 prudentius,
981 4552 1077 4623 primo
1089 4552 1174 4606 Prior
1187 4552 1380 4609 Prouincialis

335 4638 453 4691 fratrum
485 4654 606 4690 suorum
635 4636 666 4690 in
696 4635 829 4698 Frunoio,
857 4635 961 4689 deinde
992 4636 1116 4690 officitur
1133 4637 1379 4709 Archiepiscopus

335 4720 556 4792 Lugdunensis;
576 4719 752 4790 demumque
779 4737 797 4774 o
815 4719 896 4789 Papa
922 4720 1066 4789 Gregorio
1094 4721 1131 4775 od
1157 4720 1379 4778 Osrdiuoiatum

676 5064 681 5092 ¹
701 5070 757 5112 oute
768 5063 795 5112 iu
806 5063 849 5114 the
860 5063 960 5131 printed
971 5069 1046 5116 texts.
