3750 6250
658 1051 1047 1146 srsroara'anomoasa
1333 1082 1376 1151 17

199 1273 313 1341 hane.
364 1276 422 1333 (lui
452 1279 595 1335 successit
620 1279 781 1336 Nicholaus
806 1280 933 1347 Tertius,
954 1281 1036 1354 prius
1067 1280 1172 1347 dictus,
1200 1280 1457 1340 “Johannesan.
1472 1293 1543 1342 lttt.

199 1341 299 1396 mm*
331 1361 350 1387 “
370 1360 571 1434 Gagetauus,”
601 1363 637 1419 de
667 1373 775 1436 genere
800 1364 985 1421 Ursinornm.
1035 1365 1094 1421 Hic
1113 1383 1201 1438 super
1231 1364 1377 1437 Regulam
1388 1355 1510 1408 N50h0¹¹⁸

199 1414 269 1487 μ’
330 1443 429 1502 Sancti
456 1446 606 1503 Francisci
633 1449 843 1519 expositionem
876 1450 1031 1522 quamdam
1057 1449 1159 1515 edidit,
1186 1467 1275 1521 quam
1299 1422 1437 1504 interm·

329 1528 401 1585 alias
413 1529 583 1587 Decretalcs
595 1532 632 1587 dc
643 1531 811 1588 Verborum
824 1533 1093 1604 significationibus
1111 1535 1202 1589 inseri
1220 1532 1375 1589 ordinavit.

364 1612 527 1670 Walleuses
552 1614 755 1671 Occidentales
789 1635 842 1689 per
868 1617 900 1672 id
923 1619 1065 1689 temporis
1090 1617 1128 1673 ad
1156 1635 1258 1689 pacem
1283 1616 1375 1688 Regis
1387 1619 1511 1670 Transac-

329 1696 446 1768 Anglire
464 1700 624 1766 venientes,
644 1701 772 1772 Pagauo,
793 1702 907 1757 militiae
925 1701 1018 1774 Regis
1043 1701 1075 1756 in
1100 1702 1232 1773 partibus
1250 1700 1311 1756 illis
1329 1717 1376 1756 ca-
1387 1685 1492 1737 ⁶⁰⁰⁸i¹¹

330 1782 455 1855 pitanen,
475 1782 613 1839 Castrum
639 1784 676 1839 de
696 1785 865 1857 Stredewcy
892 1804 959 1841 cum
986 1786 1130 1857 adjacenti
1157 1786 1254 1858 patria
1278 1752 1482 1839 reddi-ww·

330 1866 444 1924 derunt.
481 1868 623 1942 Princeps
639 1888 710 1926 vero
728 1870 853 1935 Walliae,
866 1870 970 1926 videns
989 1887 1020 1925 se
1039 1870 1116 1941 Regi
1128 1870 1255 1940 Anglias,
1269 1868 1375 1925 cotidie

329 1952 528 2021 invalescenti,
549 1971 606 2009 nou
623 1972 709 2026 posse
726 1954 874 2020 resistere,
894 1973 996 2027 pacem
1013 1956 1109 2027 petiit,
1129 1960 1160 2010 et
1177 1954 1303 2010 obtinuit
1321 1953 1376 2008 sub

329 2036 383 2093 hac
401 2038 509 2093 ronna:
529 2037 675 2103 videlicet,
696 2040 773 2111 quod
792 2057 891 2095 omnes
916 2040 1035 2112 captivi,
1056 2056 1129 2111 quos
1157 2038 1313 2095 ¹hactenus
1330 2054 1377 2092 ra·

329 2122 405 2177 tione
430 2122 521 2195 Regis
546 2123 664 2194 Angliae
684 2123 811 2180 detinuit
835 2124 867 2179 in
890 2123 1027 2189 vinculis,
1058 2123 1232 2195 simpliciter
1259 2128 1290 2178 et
1313 2122 1376 2178 sine

329 2206 474 2261 calumnia
489 2205 694 2263 liberarentur.
741 2208 827 2273 Item,
847 2226 900 2281 pro
918 2226 990 2280 pace
1015 2213 1046 2263 et
1062 2206 1266 2263 benevolentia
1283 2206 1377 2277 Regis

329 2290 468 2357 habenda,
498 2292 581 2348 daret
608 2293 822 2365 quinquaginta
846 2293 942 2349 millia
975 2293 1118 2347 librarum
1146 2293 1376 2365 sterlingorum

328 2373 470 2447 ’quorum
496 2381 595 2432 tamen
624 2377 731 2432 solutio
755 2378 787 2432 iu
812 2377 962 2433 voluntate
989 2384 1020 2433 et
1046 2377 1143 2449 gratia
1167 2376 1260 2448 Regis
1290 2375 1376 2431 foret.

330 2459 413 2526 Item,
434 2460 513 2531 qnod
530 2466 611 2516 terra
636 2467 760 2533 quatuor
778 2461 1001 2525 Osntredomm,
1021 2461 1084 2516 sine
1110 2461 1189 2516 omni
1216 2458 1378 2516 contradic·

328 2543 414 2609 tione,
435 2543 512 2616 Regi
530 2550 561 2599 et
578 2544 640 2600 suis
658 2545 834 2610 haeredibus,
854 2563 920 2601 cnm
939 2544 1075 2601 omnibus
1093 2545 1183 2600 terris
1204 2542 1378 2615 conquisitis

328 2644 379 2698 per
397 2626 511 2699 Regem
535 2628 725 2699 hominesque
751 2630 860 2700 regios,
880 2636 1001 2701 excepta
1025 2628 1123 2684 insula
1149 2628 1327 2699 Angleseya,
1347 2626 1378 2680 in

328 2718 500 2783 perpetuum
526 2718 699 2769 remaneret.
737 2712 841 2768 Insula
865 2714 943 2768 enirn
970 2713 1140 2785 Angleseya
1166 2728 1304 2769 concessa
1332 2716 1378 2765 est

329 2794 467 2868 Principi,
495 2796 538 2851 ita
564 2796 643 2868 quod
669 2797 764 2853 solvat
789 2815 842 2869 pro
869 2815 904 2852 ea
928 2798 1055 2869 singulis
1081 2799 1164 2853 annis
1190 2797 1267 2868 Regi
1294 2794 1376 2849 mille

328 2897 448 2945 marcas,
461 2899 585 2953 quarum
606 2882 713 2937 solutio
725 2882 890 2953 incipienda
901 2884 1008 2938 eratin
1019 2883 1094 2937 festo
1108 2881 1208 2937 Sancti
1220 2878 1374 2935 Michaelis

328 2965 457 3036 proximo
486 2973 556 3020 tunc
585 2965 736 3021 instantis:
769 2984 822 3038 pro
851 2967 989 3037 ingressu
1017 2984 1088 3020 roro
1118 2967 1248 3038 quinque
1278 2964 1372 3019 millia

329 3065 491 3103 marcarum
509 3049 600 3103 daret.
637 3050 676 3104 Et
695 3050 720 3103 si
739 3050 880 3121 Princeps
906 3050 969 3104 sine
996 3049 1112 3104 haerede
1130 3050 1166 3104 de
1185 3041 1306 3120 corp'ore
1325 3065 1378 3101 sno

329 3135 494 3198 moriretur,
514 3134 611 3188 insula
629 3135 681 3189 illa
699 3135 729 3188 in
747 3133 839 3204 Regis
858 3134 975 3205 Anglioe
1003 3135 1186 3206 possessione
1204 3137 1376 3188 remaneret.

329 3218 413 3283 Item,
437 3217 516 3289 quod
533 3217 675 3290 Princeps
693 3219 808 3272 veniret
835 3218 865 3273 in
883 3218 983 3273 Natali
1002 3217 1121 3272 Domini
1148 3217 1186 3272 ad
1204 3217 1327 3287 Regem,
1347 3215 1378 3269 in

329 3303 476 3372 Angliam,
496 3320 549 3374 pro
567 3303 705 3372 homagio
724 3302 865 3358 faciendo.
904 3302 991 3366 Item,
1012 3301 1091 3373 quod
1117 3301 1215 3356 omnia
1241 3300 1379 3369 homagia

329 3386 442 3443 Walliae
460 3392 644 3442 remanerent
661 3386 748 3457 Regi,
768 3396 964 3458 praeterquam
992 3386 1121 3457 quinque
1148 3386 1296 3440 Beronum
1327 3383 1379 3455 qui

329 3471 359 3526 iu
387 3471 512 3526 confinio
540 3469 721 3525 Snowdonioe
751 3470 953 3525 morabantur:
987 3471 1056 3541 quia
1085 3487 1116 3525 se
1150 3472 1168 3496 “
1182 3468 1350 3538 Principem
1360 3468 1378 3492 '⁸

330 3556 534 3610 convenienter
550 3571 655 3610 vocare
679 3572 738 3609 non
763 3560 872 3626 posset,
892 3554 951 3609 nisi
978 3554 1033 3609 sub
1059 3572 1091 3609 se
1117 3553 1231 3624 aliquos
1250 3553 1379 3608 Berones

330 3638 450 3694 baberet
467 3638 504 3693 ad
521 3638 614 3694 vitam
632 3656 724 3693 suam.
762 3639 802 3693 Et
828 3643 1036 3710 postmortem
1063 3638 1138 3709 ejus,
1159 3637 1287 3708 quinque
1305 3653 1379 3709 pras·

331 3721 474 3779 dictorum
504 3723 652 3778 Beronum
681 3723 853 3794 homagium
879 3722 957 3792 Regi
986 3722 1104 3793 Angliae
1134 3720 1226 3787 fieret,
1258 3726 1289 3775 et
1318 3720 1380 3777 suis

332 3806 505 3870 haeredibus,
525 3807 557 3861 in
574 3812 725 3861 aeternum.
749 3806 788 3861 Et
805 3823 859 3877 pro
877 3805 1092 3860 assecuratione
1109 3804 1244 3869 istorum,
1259 3803 1382 3861 tradidit

332 3890 471 3963 Princeps
490 3891 590 3947 decem
609 3890 725 3945 obsides
745 3890 781 3945 de
798 3889 971 3945 melioribus
983 3888 1108 3954 Wallioe,
1123 3889 1233 3961 absque
1252 3889 1381 3944 incarce-

332 3975 452 4038 ratione,
473 3961 715 4037 exhaercdatione,
743 3980 773 4030 et
799 3975 925 4030 termino
944 3973 1135 4028 liberationis.
1174 3974 1214 4030 Et
1240 3973 1276 4028 de
1302 3973 1382 4028 omni

333 4058 476 4115 Oautredo
495 4057 578 4113 etde
598 4057 781 4122 Snowdouia,
808 4062 838 4113 et
863 4057 899 4113 de
919 4056 1049 4113 Consilio
1067 4057 1224 4129 Principis,
1244 4056 1382 4112 meliores

330 4143 479 4214 jurabunt,
509 4143 595 4199 tactis
625 4142 817 4199 sacrosanctis
847 4142 992 4212 reliquiis,
1024 4141 1103 4213 qnod
1139 4141 1381 4213 quandocumque

333 4227 472 4300 Princeps
503 4226 632 4299 aliquem
660 4227 867 4299 praedictorum
905 4225 1097 4280 articulorum
1127 4226 1292 4296 infregerit,
1323 4225 1382 4280 nisi

333 4313 496 4368 admonitus
515 4328 547 4366 so
573 4312 741 4375 correxerit,
762 4310 968 4365 abalienabunt
993 4328 1024 4364 se
1051 4308 1087 4363 ab
1115 4325 1158 4373 co,
1178 4315 1209 4365 et
1227 4308 1331 4373 eidem,
1352 4309 1382 4363 in

334 4395 549 4465 omnibusque
566 4400 712 4466 poterunt,
731 4395 829 4448 hostes
847 4393 926 4447 fient.
965 4392 1051 4456 Item,
1071 4398 1179 4463 praeter
1204 4392 1277 4456 haec,
1297 4391 1383 4447 Prin-

334 4498 400 4553 ceps
418 4481 526 4534 statres
556 4496 634 4543 suos,
666 4496 739 4550 quos
770 4478 856 4542 loesit,
889 4475 1027 4548 placabit.
1071 4475 1186 4530 Habuit
1213 4475 1291 4530 enim
1322 4482 1382 4531 tres

335 4566 448 4631 irati-es,
480 4580 606 4634 quorum
639 4561 722 4625 duos,
750 4559 889 4617 Owenum
915 4566 946 4615 et
972 4558 1158 4622 Roderieum,
1186 4567 1325 4630 posucrat
1352 4561 1384 4616 in

299 4634 309 4659 ⁹
335 4665 465 4711 carcere;
491 4647 598 4702 tertius
615 4663 696 4712 vero,
716 4645 822 4709 David,
843 4645 916 4716 fuga
934 4643 1075 4715 dilapsus,
1094 4643 1196 4698 multis
1215 4644 1297 4699 annis
1316 4661 1384 4701 cum

335 4733 415 4805 Rege
432 4731 552 4804 Angliae
569 4731 669 4798 stetit;
698 4747 800 4802 aquo,
820 4736 921 4785 contra
946 4745 1058 4783 morem
1083 4728 1181 4799 gentis
1208 4745 1278 4795 suae,
1298 4729 1383 4785 miles

1180 4910 1381 4919 ..ο-

369 5044 609 5110 ioemuinofig,
862 5040 868 5108 Ι
915 5040 1330 5108 ’quanmintheprintedtem

1228 5139 1250 5186 B
