3750 6250
678 1122 841 1173 01000101
864 1121 1070 1174 anemonas
1352 1114 1394 1177 55

240 1306 324 1375 hage.
341 1308 441 1364 Monte
461 1310 566 1374 Acuto,
587 1309 672 1364 miles
699 1315 835 1366 01000000
861 1317 891 1365 01
917 1311 1062 1376 cordatus,
1089 1328 1142 1382 per
1165 1310 1276 1366 medias
1296 1308 1560 1381 guesneniam.

241 1520 267 1558 u.

240 1373 314 1428 111111.
340 1392 530 1459 Gallicorum,
558 1412 622 1466 quta
647 1394 684 1450 ad
707 1395 919 1466 prohibendum
943 1396 1100 1451 transitum
1129 1396 1249 1451 navium
1272 1395 1395 1451 fluvium

240 1446 286 1516 με

339 1478 541 1545 observabant,
561 1479 707 1550 aspirante
727 1480 798 1534 flatu
816 1498 964 1552 prospero,
990 1498 1083 1551 usque
1102 1480 1237 1550 Burgum
1255 1478 1392 1546 deduxit3

339 1581 396 1633 quo
414 1565 540 1635 cognito,
562 1565 658 1620 soluta
668 1564 826 1630 obsidione,
841 1564 984 1620 Dominus
996 1564 1033 1620 de
1046 1565 1175 1621 Sulliaco
1192 1565 1351 1620 revertitur
1362 1565 1393 1620 in

339 1645 460 1713 Gallias,
480 1649 591 1703 1010010
610 1649 778 1704 1100100100.

372 1731 431 1788 Per
455 1732 487 1787 id
511 1739 636 1805 tempus,
663 1734 725 1788 Rex
747 1732 874 1804 Angliae,
903 1734 1046 1789 immenso
1069 1732 1229 1789 coadunato
1253 1735 1390 1799 exercitu,
1403 1743 1526 1797 Proeeed.

338 1816 418 1872 venit
446 1817 485 1871 ad
513 1817 631 1873 Novum
661 1817 798 1873 00010010
828 1835 915 1889 super
944 1818 1074 1889 'l'ynam3
1111 1818 1150 1872 ad
1179 1835 1265 1889 quem
1294 1819 1390 1874 locum
1403 1810 1500 1889 11111101

338 1898 509 1967 «iohannem,
530 1902 642 1972 Regem
662 1901 824 1968 Scotorum,
844 1902 930 1957 citari
949 1903 1059 1957 fecerat
1079 1901 1173 1956 edicto
1190 1901 1328 1972 publico;
1356 1877 1474 1958 uthg

337 1982 373 2037 de
401 1986 460 2039 hiis
485 2004 550 2056 qnae
580 1987 637 2041 sibi
664 1986 789 2041 debeant
818 1986 906 2057 objici
931 1986 1126 2058 responderet.
1165 1985 1229 2055 Quo
1255 1986 1293 2045 ud
1311 1986 1389 2041 diem
1402 1944 1512 2076 almer?

337 2072 486 2140 praefixum
504 2090 557 2127 nec
574 2091 627 2144 per
640 2091 671 2128 se
689 2079 874 2145 comparente
886 2091 939 2128 nec
951 2091 1004 2144 per
1022 2074 1161 2127 nuncium
1180 2091 1211 2126 se
1223 2081 1387 2138 excusante,
1401 2079 1492 2133 Baliol,

336 2152 405 2219 Rex,
445 2156 481 2210 de
511 2158 631 2212 consilio
670 2175 799 2222 suorum,
837 2158 968 2212 decrevit
1006 2157 1130 2212 ulterius
1166 2157 1387 2228 procedendum.

336 2238 466 2303 Interim,
497 2242 581 2296 miles
604 2241 732 2311 quidam,
753 2242 899 2297 Robertus
920 2241 957 2295 (10
975 2241 1062 2306 Reos,
1082 2241 1217 2295 dominns
1239 2241 1335 2296 Castri
1353 2241 1389 2296 de

336 2323 432 2388 Werk,
453 2342 511 2379 non
530 2326 662 2381 obstante
681 2326 822 2381 fidelitate
840 2343 929 2396 quam
948 2325 1024 2396 Regi
1042 2325 1161 2395 Angliae
1170 2324 1332 2396 juraverat,
1352 2326 1390 2379 ad

336 2407 435 2463 Scotos
468 2410 635 2480 transfugit.
687 2410 782 2481 Super
809 2429 867 2481 quo
888 2427 1044 2480 germanus
1064 2408 1204 2480 ejusdem,
1223 2409 1389 2465 Willelmus

335 2491 368 2546 de
385 2492 474 2556 Roos,
487 2494 599 2564 Regem
615 2494 818 2565 praemuniens,
839 2495 945 2565 petivit
964 2494 1019 2548 sibi
1040 2494 1119 2549 mitti
1138 2493 1311 2557 subsidium,
1332 2512 1390 2564 quo

335 2583 431 2645 posset
450 2586 580 2632 castrum
597 2578 753 2633 defendere
773 2585 873 2633 000100
895 2578 1006 2633 Scotos.
1043 2577 1129 2632 Misit
1147 2577 1209 2631 Rex
1222 2577 1293 2631 illuc
1310 2578 1389 2633 viros

335 2660 430 2725 mille,
459 2663 509 2732 qui
536 2664 646 2734 recepti
671 2663 701 2717 in
724 2662 797 2717 villa
822 2661 947 2732 quadam
971 2662 1050 2716 dicta
1075 2662 1270 2724 “Pressas”
1290 2680 1389 2717 omnes

334 2744 433 2800 eadem
450 2753 535 2801 00010
553 2765 571 2801 0
591 2747 695 2811 Sectis,
717 2765 844 2818 quorum
862 2748 1031 2818 capitaneus
1050 2754 1113 2800 erat
1137 2746 1277 2817 praefatus
1297 2753 1389 2802 10000-

334 2826 411 2899 tuga,
432 2829 580 2885 Robcrtus
605 2831 641 2885 de
666 2831 753 2895 Reos,
780 2830 926 2885 interiecti
957 2837 1033 2894 sunt,
1059 2832 1187 2901 exceptis
1211 2831 1312 2901 paucis
1338 2831 1389 2901 qui

334 2910 438 2985 dilapsi
469 2921 537 2969 sunt
567 2916 647 2984 fuga.
685 2914 749 2983 Quo
774 2916 882 2979 audito,
914 2932 982 2968 mox
1012 2915 1074 2968 Rex
1104 2933 1172 2968 cum
1196 2916 1326 2969 exercitu
1352 2915 1390 2969 ad

334 3003 459 3052 castrum
483 2998 558 3052 illud
578 3004 723 3069 properat,
751 3000 870 3068 gavisus
896 2998 928 3051 in
946 2999 1010 3062 hoc,
1034 3005 1067 3053 ut
1085 2998 1187 3062 fertur,
1211 2998 1288 3068 quod
1310 2997 1389 3053 Scoti

334 3081 425 3152 prima
442 3090 594 3154 coeperunt
611 3083 730 3139 hostilia
747 3100 889 3138 exercere.
928 3082 991 3137 Rex
1010 3083 1108 3153 itaque
1127 3080 1205 3154 apud
1217 3081 1390 3153 praedictum

334 3172 459 3221 castrum
472 3168 645 3222 Paschalem
659 3168 872 3222 solenmitatem
884 3168 1009 3237 peregit.
1048 3165 1111 3234 Quo
1123 3172 1263 3236 tempore,
1278 3172 1389 3237 septem
1403 3172 1510 3227 Cerlislc

335 3248 461 3307 Comites
475 3252 589 3317 Scotioe,
604 3252 743 3307 videlicet
754 3252 789 3305 de
803 3252 919 3314 Bowen,
934 3250 1119 3312 deMenteth,
1134 3250 1170 3304 de
1184 3249 1387 3315 Stradeherne,
1402 3241 1522 3307 bffllessed

334 3334 367 3389 de
377 3335 524 3399 Lewenes,
535 3337 570 3391 de
580 3337 665 3401 Reos,
676 3336 711 3390 dc
721 3336 819 3400 Athel,
831 3334 867 3389 (10
876 3336 951 3399 Mar,
961 3353 994 3389 ac
1003 3335 1022 3388 J
1024 3334 1149 3389 ohannes
1159 3333 1236 3388 iilius
1247 3334 1267 3388 J
1269 3334 1388 3390 ohannis
1402 3309 1491 3427 ἓζοὶξθ

335 3416 443 3491 Gomyn
462 3420 498 3474 de
517 3420 662 3485 Badcnau,
683 3421 804 3475 collecto
822 3420 953 3474 exercitu
969 3418 1066 3473 valido
1084 3419 1115 3472 in
1133 3417 1218 3472 Valle
1236 3418 1387 3485 Anandise,
1476 3415 1482 3428 '

335 3502 404 3557 feria
422 3503 549 3557 secunda
567 3504 687 3558 Paschae
705 3503 844 3574 Angliam
867 3503 1005 3573 ingressi,
1025 3502 1178 3557 vastabant
1195 3503 1291 3556 omnia
1309 3502 1387 3557 caede

335 3595 361 3640 01
378 3587 521 3651 incendio,
539 3607 594 3641 non
609 3594 758 3658 parcentes
777 3587 916 3642 0001101
936 3588 1034 3651 sexui;
1054 3587 1203 3641 venientes
1215 3585 1387 3641 Karleolum

335 3670 442 3736 urbem,
463 3672 556 3742 ipsam
569 3671 717 3726 obsidione
730 3672 891 3726 cinxerunt.
929 3671 1088 3727 Oombnste
1112 3678 1210 3725 autem
1236 3670 1385 3736 suburbio,

334 3772 395 3809 cnm
415 3756 453 3810 ad
465 3764 578 3826 portam
596 3755 724 3811 civitatis
743 3756 911 3809 cremabilia
929 3761 1128 3826 congererent,
1148 3755 1254 3809 nobilis
1268 3756 1386 3826 quidam
1504 3826 1508 3833 ᾗ

333 3836 367 3891 (10
387 3839 542 3905 Galwidia,
565 3839 635 3893 dnm
655 3846 746 3910 portae
767 3840 895 3894 civitatis
915 3840 1169 3911 appropinquaret,
1190 3840 1290 3909 ignote
1309 3841 1387 3894 ferre
1496 3840 1500 3846 '
1524 3829 1531 3837 ⁴

333 3922 367 3976 ab
377 3923 436 3978 hiis
449 3926 499 3993 qui
513 3942 600 3995 super
612 3931 725 3994 portam
744 3931 834 3987 erant,
855 3924 1030 3989 attrahitur;
1051 3923 1258 3992 confossusque
1277 3923 1386 3979 lanceis

334 4013 475 4061 enecatur.
513 4005 549 4060 In
568 4025 683 4062 earcere
695 4025 764 4062 vero
783 4006 911 4062 civitatis
924 4007 1042 4078 quidam
1062 4007 1226 4078 explorator
1238 4007 1383 4071 detentus,

333 4108 398 4145 cum
415 4090 572 4146 adventum
591 4110 709 4146 suoram
729 4091 868 4155 audisset,
889 4108 1036 4146 carcerem
1049 4091 1193 4156 incendit3
1214 4091 1298 4161 cujus
1316 4093 1386 4161 igne

334 4174 401 4230 flatu
422 4176 500 4230 venti
520 4172 551 4229 in
570 4175 670 4229 domos
691 4175 763 4229 alies
783 4172 888 4240 delato,
912 4176 993 4230 urbis
1015 4193 1082 4246 pers
1104 4194 1211 4246 magna
1229 4183 1383 4230 crematur.

333 4256 397 4315 Viri
422 4269 519 4316 tamen
547 4267 577 4316 01
603 4261 752 4326 mulieres,
772 4261 810 4315 ad
827 4279 926 4316 muros
951 4269 1164 4325 concurrentes,
1186 4260 1332 4332 lapidibus
1357 4267 1387 4316 et

332 4343 399 4399 telis
419 4345 520 4400 Scotos
546 4363 564 4398 a
586 4345 679 4399 muris
700 4345 879 4415 propulsant,
909 4345 1012 4400 urbem
1036 4345 1163 4399 viriliter
1187 4344 1383 4400 defendentes.

334 4424 421 4493 Secti,
442 4428 572 4483 videntes
591 4429 633 4483 nil
653 4445 684 4483 00
702 4431 851 4500 prolicere,
871 4431 946 4485 seria
964 4436 1077 4500 quarta,
1103 4429 1211 4484 omissa
1235 4429 1384 4484 obsidione

335 4509 363 4565 in
381 4513 509 4567 Scotiam
527 4511 686 4567 redierimt.

367 4595 475 4650 Eadem
494 4597 551 4660 dic,
572 4598 685 4651 seilicet
702 4597 776 4651 feria
795 4602 898 4667 quartu
919 4596 951 4651 in
970 4596 1150 4651 hebdomada
1171 4596 1299 4662 Paschae,
1321 4598 1384 4653 Rex
1397 4611 1505 4663 Edward

333 4696 397 4734 curn
432 4682 561 4735 exercitu
589 4680 788 4751 progrediens,
820 4681 942 4736 transito
970 4681 1088 4735 flumine
1114 4680 1191 4750 quod
1218 4685 1236 4707 “
1250 4682 1382 4739 Tweda'’
1397 4685 1480 4730 entem

333 4762 446 4830 dicitur,
467 4765 594 4819 Scotiam
612 4772 658 4819 est
676 4763 835 4835 ingressus,
851 4763 886 4819 'ct
903 4766 1063 4835 burgenses
1085 4763 1208 4819 Berwici
1228 4766 1265 4819 ad
1282 4784 1384 4838 pacem
1398 4747 1523 4799 semland·

334 4847 465 4913 10011000,
479 4866 531 4920 per
544 4867 634 4903 unum
647 4848 725 4903 diem
738 4850 885 4919 integrum
899 4849 1070 4919 expectavit.
1108 4848 1220 4918 Quibus
1233 4850 1270 4904 ad
1281 4870 1383 4922 pacem

332 4932 427 4987 venire
446 4931 619 4996 nolentibus,
646 4933 735 5004 coepit
758 4933 789 4987 in
812 4933 860 4987 die
883 4932 1008 4988 Veneris
1032 4931 1111 4988 villar
1140 4936 1379 5006 appropinquare,
