3750 6250
519 1077 584 1148 178
851 1092 980 1141 ruens
1001 1090 1235 1141 nemineum

353 1279 422 1331 Μ).
436 1283 508 1330 1³2⁵·
554 1282 612 1336 Per
629 1280 707 1336 idem
731 1287 855 1353 tempus,
879 1280 970 1351 jussit
994 1279 1057 1334 Rex
1083 1278 1199 1349 Anglim
1225 1277 1391 1341 Isabellsm,
1417 1275 1680 1346 Regimmuaan

354 1363 645 1436 TchncenAngliae‚
677 1371 708 1421 et
737 1364 921 1429 Edwardum,
953 1364 1046 1419 filium
1077 1381 1162 1418 suum
1193 1362 1431 1435 primogenitum,
1463 1367 1565 1415 contra
1576 1350 1674 1415 Bet-¹³

352 1428 503 1546 ἕξω
518 1448 697 1505 voluntatem
715 1467 797 1504 suam
815 1450 845 1504 in
863 1448 1062 1503 ultramarinis
1079 1454 1298 1511 commorantes,
1322 1444 1482 1501 londoniis
1501 1416 1648 1498 tan-¹²³¹·

354 1563 439 1612 clm
520 1550 608 1605 qnam
625 1535 709 1605 regni
727 1533 860 1589 inimicos
886 1533 1023 1596 notarios,
1046 1540 1076 1587 et
1098 1532 1247 1602 regiorum
1266 1531 1449 1586 inimioornm
1467 1545 1566 1600 recep·

353 1628 437 1694 public
520 1625 628 1672 latores
646 1624 677 1672 et
694 1618 831 1681 fautores,
854 1615 970 1689 publice
993 1616 1183 1688 proclamari;
1211 1623 1242 1671 et
1264 1615 1396 1670 bannivit
1419 1630 1480 1679 eos,
1499 1629 1567 1667 cum

354 1695 470 1745 mid·
520 1700 653 1755 omnibns
672 1701 722 1772 qui
742 1700 802 1755 illis
820 1700 1002 1755 adhaeserant
1019 1699 1054 1754 de
1072 1717 1163 1770 regno
1185 1717 1246 1755 suo.

354 1787 488 1837 Robertde
556 1784 617 1840 Sub
634 1786 736 1840 eodem
752 1791 881 1856 tempore
897 1790 1030 1840 eraserat
1045 1784 1081 1839 de
1097 1784 1217 1840 castello
1233 1785 1269 1838 de
1282 1784 1355 1839 Corl'
1368 1784 1416 1839 vir
1428 1787 1566 1838 versutus

354 1854 499 1905 Ἥκω
519 1875 549 1924 et
567 1869 715 1932 subdolus,
735 1869 787 1924 sed
809 1888 898 1924 mauu
921 1876 1018 1923 tamen
1042 1870 1135 1933 fortis,
1162 1869 1307 1924 Robertua
1333 1869 1369 1922 de
1388 1867 1565 1931 walkerum,

353 1936 496 2039 ww
519 1953 604 2008 miles
623 1954 674 2024 qui
692 1960 793 2024 captus
812 1954 907 2007 luerat
925 1953 955 2006 in
972 1970 1065 2007 werra
1080 1953 1226 2007 Beronum
1241 1958 1320 2007 mota
1330 1959 1431 2007 contra
1441 1952 1564 2022 Regem,

356 2052 447 2113 eme,
519 2054 554 2091 eo
572 2038 650 2107 quod
668 2055 791 2107 magnus
809 2035 923 2091 dissidii
942 2037 1098 2091 suscitatur
1115 2043 1146 2091 et
1161 2035 1442 2109 promotor-'fuerat
1457 2041 1497 2099 et,
1511 2053 1567 2091 non

520 2120 585 2174 dico
605 2124 623 2146 ‘⁴
638 2119 770 2183 duetor,”
790 2120 842 2173 sed
862 2124 880 2145 ‘⁶
892 2119 1058 2182 seductor,”
1078 2120 1158 2174 illius
1177 2120 1233 2174 riri
1251 2119 1357 2174 nobilis
1370 2126 1401 2175 et
1417 2119 1566 2190 magnifici

520 2204 643 2259 Comitis
661 2204 697 2257 de
717 2203 873 2267 Hereford,
895 2203 1047 2258 Humsridi
1066 2203 1102 2258 de
1115 2204 1208 2267 Boun,
1222 2210 1253 2258 et
1270 2205 1341 2258 satis
1357 2205 1438 2273 juste
1456 2203 1567 2260 carceri

521 2289 710 2360 mancipatus.
748 2288 861 2359 Nempe
890 2287 1054 2343 Comitibus
1079 2295 1109 2343 et
1136 2288 1308 2352 Beronibus,
1334 2295 1365 2343 et
1389 2288 1455 2344 aliis
1483 2290 1566 2359 regni

520 2372 676 2435 nobilibus,
706 2370 889 2427 studentibus
914 2373 944 2426 in
968 2372 1020 2429 illa
1043 2389 1136 2427 werra
1158 2391 1211 2446 pro
1228 2389 1299 2444 pace
1319 2374 1432 2445 patriae,
1452 2390 1507 2444 pro
1523 2390 1567 2427 re-

520 2455 645 2527 publica,
666 2472 718 2527 pro
735 2455 843 2509 honore
861 2455 916 2509 Dei
935 2462 965 2510 et
982 2456 1131 2521 Ecclesiae,
1151 2458 1214 2529 ipse
1233 2474 1347 2529 semper
1364 2475 1414 2511 cor
1433 2458 1567 2529 apposuit

520 2540 557 2594 ad
575 2540 701 2611 rapinas,
715 2539 818 2603 caedes,
833 2546 863 2594 et
880 2539 1126 2611 depopulationes.
1165 2542 1232 2604 Hic,
1253 2542 1381 2612 iuquam,
1395 2542 1566 2597 continuans

521 2641 574 2677 sua
600 2623 719 2688 scelera,
740 2622 995 2678 constabularium
1025 2625 1113 2678 castri
1141 2625 1176 2678 dc
1207 2625 1280 2680 Cori
1302 2624 1460 2680 crudeliter
1479 2626 1566 2681 inter-

355 2715 497 2777 And,vilh
520 2708 598 2771 fecit,
618 2712 649 2762 et
675 2707 712 2762 od
736 2706 890 2778 Reginam,
909 2714 979 2762 tuuc
1005 2708 1127 2773 exulem,
1156 2727 1186 2764 sc
1217 2708 1339 2764 eontulit
1368 2708 1447 2764 ultra
1476 2727 1564 2764 mare.

355 2785 448 2866 espen.
519 2792 632 2847 Auctus
650 2798 696 2846 est
713 2808 784 2863 ergo
802 2808 940 2846 numerus
959 2791 1151 2862 fugitivorum
1169 2792 1380 2864 multipliciter,
1400 2793 1443 2847 ita
1458 2801 1495 2849 ut
1507 2794 1567 2848 Rex

351 2850 474 2980 {ffl‘
520 2877 582 2948 ipse
609 2875 727 2931 timeret
751 2875 868 2930 illorum
894 2875 1021 2929 reditum
1051 2876 1082 2930 in
1108 2876 1182 2931 hane
1211 2882 1328 2931 terram.
1373 2867 1567 2945 Quamobrem

515 2960 608 3031 jussit
631 2977 730 3015 omnes
747 2966 849 3031 portus
867 2960 957 3013 maris
975 2960 1200 3030 diligentissime
1224 2960 1374 3024 custodiri,
1393 2979 1430 3015 ne
1448 2967 1567 3033 repente

519 3044 602 3099 fieret
627 3061 679 3115 per
705 3043 804 3098 exules
831 3049 1021 3107 revertentes,
1047 3050 1098 3098 aut
1123 3062 1176 3115 por
1200 3043 1327 3099 Gallicos
1345 3043 1405 3099 illia
1425 3045 1565 3111 faventes,

519 3129 597 3184 ullus
615 3137 711 3184 motus
729 3129 759 3183 in
777 3146 878 3200 regno.

355 3204 411 3285 '1:¹¹⁰
419 3219 476 3269 1)ῑο-
556 3213 666 3268 Eodem
690 3219 828 3284 tempore,
856 3211 997 3267 Dominus
1019 3211 1154 3267 Olirerus
1180 3212 1314 3283 Ingham,
1342 3213 1428 3269 miles
1449 3215 1567 3287 juvenis

354 3270 482 3387 {¹¹¹⁰ssss
522 3298 575 3353 sed
601 3298 746 3358 cordatus,
774 3296 868 3350 factus
894 3298 991 3351 fuerat
1015 3296 1121 3352 Custos
1142 3297 1327 3368 Aquitanniae
1352 3316 1406 3370 per
1429 3298 1567 3369 juvenem

357 3354 440 3454 „wgfeed
451 3412 477 3452 to
523 3382 636 3437 Ducem
653 3381 838 3445 Edwardum,
858 3398 979 3435 assensu
998 3380 1090 3451 Regis
1110 3382 1202 3452 patris
1221 3384 1284 3446 sui;
1306 3383 1366 3453 qui,
1386 3384 1492 3453 grandi
1511 3385 1567 3440 ool·

357 3470 462 3534 English
523 3465 599 3519 lecto
617 3466 744 3519 exercitu
771 3464 806 3518 do
837 3463 1034 3534 stipendiariis
1053 3464 1197 3520 militibus
1221 3466 1420 3536 Hispannicia,
1441 3467 1568 3538 Arrago-

356 3538 453 3600 ruleby
524 3549 607 3612 uicis,
627 3557 657 3602 et
674 3548 926 3608 Wasoouensibus,
946 3548 1125 3618 provinciam
1143 3548 1371 3618 Ageuncnsium‚
1398 3560 1568 3622 occupatam

358 3604 494 3653 siroliver

359 3670 473 3734 lnghm
523 3649 575 3702 per
595 3632 707 3701 Regem
726 3632 857 3686 Francia}
878 3638 979 3686 contra
996 3637 1123 3703 pactum,
1145 3633 1260 3695 invasit,
1281 3651 1403 3705 eamque
1422 3633 1569 3691 ²d0mini0

524 3715 615 3785 Regis
634 3715 750 3785 Anglim
769 3716 898 3770 restituit
916 3716 1102 3785 integraliter
1121 3723 1150 3771 et
1168 3717 1300 3786 subjecit.

357 3794 507 3858 Captureof
560 3799 620 3852 Sub
639 3800 747 3853 eisdem
766 3799 877 3861 dielJus,
901 3806 961 3854 tres
980 3800 1135 3854 Admiralii
1154 3801 1244 3855 trium
1262 3801 1415 3872 plagarum
1441 3802 1568 3874 Angliae,

357 3862 466 3977 ἿῙῩὛ
524 3883 668 3946 videlieet,
701 3883 841 3936 Dominus
880 3884 1025 3938 Johunnes
1064 3883 1197 3948 Oturuin,
1236 3884 1377 3939 Dominus
1408 3886 1569 3943 Nicholaus

358 3944 476 4059 ξὴὲρέῃέ,
523 3967 637 4038 Kyriol,
665 3973 694 4020 et
723 3965 864 4020 Dominus
893 3967 1038 4022 Johunnes
1069 3968 1104 4022 do
1133 3969 1261 4034 Faltone,
1289 3970 1450 4024 custodiam
1480 3976 1570 4027 maris

357 4061 493 4116 landem,
522 4052 670 4113 habentes
702 4057 732 4104 et
767 4052 933 4106 facultatem
964 4053 1088 4123 plenam,
1119 4071 1171 4124 per
1205 4054 1295 4124 Regis
1326 4057 1568 4121 commissionem,

523 4137 686 4198 invadendi,
719 4135 883 4198 infestandi,
915 4145 945 4190 ct
975 4137 1139 4208 diripiendi,
1173 4158 1358 4210 quoscunque
1385 4141 1420 4194 de
1447 4142 1572 4197 Francia

523 4229 706 4281 mercatores,
727 4237 794 4273 cum
820 4218 1121 4278 Gernemutbensium.
1150 4230 1179 4277 et
1205 4223 1517 4289 Portesmutbensiurn,
1542 4238 1571 4282 et

524 4304 763 4366 Occidentalium,
778 4304 879 4365 classe,
895 4302 1042 4357 Oceanum
1055 4312 1123 4358 sunt
1135 4306 1268 4375 ingressi.
1308 4307 1346 4362 Et
1364 4326 1420 4360 non
1439 4311 1570 4380 segniter

523 4389 732 4443 commissionis
760 4405 820 4441 sum
847 4388 996 4456 negotium
1024 4398 1207 4459 exequentes,
1240 4390 1315 4444 inira
1341 4391 1428 4445 breve
1453 4401 1569 4465 tempus

524 4480 639 4528 eentum
665 4473 771 4542 viginti
796 4489 885 4526 naves
912 4471 1123 4526 Normannieas
1150 4481 1296 4544 ceperunt,
1318 4481 1347 4529 et
1372 4476 1402 4528 in
1428 4477 1569 4547 Anglium

525 4563 712 4610 attraxerunt.
752 4557 930 4611 Suscitatum
959 4566 1004 4611 est
1034 4557 1125 4625 igitur
1155 4559 1253 4611 odium
1285 4559 1460 4614 inexorabile
1493 4563 1570 4617 inter

526 4641 630 4708 Reges,
646 4648 675 4695 et
693 4641 798 4694 damna
810 4642 918 4711 ubique
933 4660 986 4711 pro
1004 4641 1115 4695 viribus
1134 4643 1306 4697 inferuntur.
1346 4643 1428 4710 Quod
1447 4663 1569 4702 cernens

525 4723 665 4777 Dominus
696 4726 783 4796 Papo,
804 4735 833 4780 et
860 4726 1046 4781 vehementer
1072 4726 1235 4792 condolens,
1268 4729 1348 4781 misit
1374 4729 1403 4781 in
1428 4728 1569 4800 Angliam

961 4902 993 4907 --
1022 4903 1030 4906 -
1068 4902 1532 4910 .<.—-.———-—-—-—.--.-

559 5020 565 5048 ¹
570 5020 652 5082 suerit
665 5021 690 5068 in
703 5020 745 5070 the
756 5022 855 5086 printed
867 5030 940 5074 texts.
1033 5021 1038 5090 i
1085 5023 1198 5072 edanum
1210 5025 1235 5073 in
1248 5019 1325 5091 drig.;
1338 5028 1372 5091 by
1383 5027 1568 5084 inadveruuce.
