3750 6250
511 1099 554 1165 88
837 1109 966 1161 reone
989 1107 1222 1160 wemmam

387 1293 457 1343 Λ-Ὀ·
511 1302 592 1367 dicti,
613 1303 643 1357 in
661 1301 752 1372 Regis
770 1316 923 1372 personam
939 1305 970 1355 et
986 1317 1111 1370 regnum
1122 1297 1249 1369 Anglim,
1263 1296 1289 1353 si
1306 1314 1364 1351 non
1381 1295 1561 1359 restitueret,

348 1364 498 1411 mmm·
511 1386 741 1451 fulminandum
765 1385 844 1440 Secti
860 1402 913 1456 per
927 1385 1043 1439 chartas
1056 1401 1124 1439 suas
1135 1381 1319 1438 tradiderant
1330 1380 1406 1450 Regi
1418 1377 1562 1435 ndwudo
1575 1362 1633 1413 ΜΒ·
1642 1361 1676 1411 ¹3¹

511 1488 635 1541 regnum
666 1470 780 1533 Sectile,
808 1486 875 1524 cum
905 1468 1043 1532 castellis,
1065 1466 1192 1538 juribus,
1224 1473 1255 1522 ct
1283 1461 1560 1528 consuetudinibus3
1575 1428 1685 1546 ἥσω

511 1561 728 1627 posueruntque
754 1552 899 1616 custodes,
926 1553 978 1623 qui
1001 1551 1097 1606 medio
1120 1558 1251 1621 tempore
1269 1549 1364 1604 exitus
1387 1555 1418 1606 et
1441 1548 1561 1621 'appro-

511 1639 658 1694 viamenta
675 1644 770 1701 terre,
784 1636 822 1691 ad
839 1654 912 1707 opus
928 1635 1047 1690 illorum
1066 1653 1189 1706 quorum
1207 1637 1356 1701 intererat,
1370 1634 1560 1699 custodirent,

512 1739 643 1794 quosque
660 1721 807 1787 videlicet,
827 1720 925 1775 debita
942 1718 1140 1775 'discussione
1160 1720 1269 1787 habite,
1289 1720 1325 1775 de
1342 1720 1477 1792 legitimo
1495 1733 1562 1775 oon·

513 1814 605 1863 staret
621 1805 746 1862 haerede.

345 1896 480 1949 Awsrdin
548 1890 611 1959 Quo
628 1892 714 1956 sacto,
734 1890 797 1945 Rex
814 1889 940 1962 Angliae,
960 1879 1027 1962 post
1046 1890 1148 1963 longas
1167 1888 1391 1962 disceptationes
1407 1888 1563 1947 vendican-

344 1968 432 2016 favour
442 1966 473 2015 ⁰s
512 1977 587 2031 tium
612 1977 687 2031 illud
711 1994 845 2047 regnum,
872 1977 1013 2031 discussis
1035 1976 1162 2047 juribus,
1189 1976 1321 2048 praetulit
1346 1976 1510 2032 Johannem
1527 1975 1564 2029 dc

345 2033 458 2149 ffi-”f‘
512 2062 643 2133 Bayllol;
670 2062 721 2133 qui
739 2063 909 2132 recognovit
931 2062 1045 2133 Regem
1062 2062 1178 2133 Angliae
1202 2063 1264 2116 iore
1286 2062 1391 2117 Scotiua
1409 2062 1565 2142 capitalem

394 2115 419 2148 ¹⁰
512 2145 670 2211 dominum,
690 2147 817 2215 fecitque
842 2147 870 2199 ei
890 2146 1070 2216 homagium,
1090 2151 1121 2201 et
1144 2144 1314 2202 fidelitatem
1332 2146 1461 2217 juravit;
1481 2151 1516 2201 ut
1532 2147 1565 2201 in

511 2232 604 2300 gestis
623 2231 690 2285 anni
709 2231 857 2301 sequentis
876 2230 991 2301 plenius
1009 2230 1183 2285 declaratur.

344 2308 429 2387 Detth
438 2312 488 2360 end
547 2313 658 2368 Eodem
676 2330 759 2378 anno,
779 2314 857 2368 circa
875 2314 983 2368 festum
998 2313 1083 2368 Beati
1097 2312 1237 2369 Jchannis
1250 2312 1400 2386 Baptistae,
1413 2311 1563 2379 Alienora,

344 2377 426 2492 ffiiffl
438 2378 468 2426 οἰ
513 2405 606 2453 mater
624 2399 715 2468 Regis
733 2398 860 2468 Aughoe,
880 2397 1090 2452 Ambresbiriae
1109 2403 1155 2453 est
1172 2398 1324 2466 defuncta3
1349 2405 1469 2471 propter
1487 2398 1566 2471 quod

344 2458 491 2561 ὡέᾞῃ,
513 2483 576 2536 Rex
594 2481 629 2536 de
653 2482 750 2537 Sectis
770 2482 801 2536 in
820 2481 960 2552 Angliam
984 2481 1080 2547 rediit,
1106 2489 1141 2537 ut
1163 2483 1251 2538 sunus
1270 2489 1442 2539 'maternum
1469 2483 1566 2555 sepul-

344 2527 449 2629 motflen
513 2572 587 2621 turm
605 2567 734 2621 traderet
751 2565 849 2621 debito
867 2584 934 2620 cum
952 2566 1068 2621 honore.
1108 2567 1262 2640 Sepultum
1280 2575 1326 2623 est
1342 2569 1443 2640 itaque
1460 2586 1567 2641 corpus

513 2652 577 2723 ejus
596 2653 627 2706 in
644 2651 821 2705 Monastoric
833 2651 1061 2716 Ambresburiae,
1075 2670 1126 2707 cor
1136 2670 1206 2707 vero
1219 2652 1375 2710 Londcniis
1394 2655 1425 2709 in
1443 2654 1569 2709 ecclesie

513 2737 650 2792 Pretium
676 2736 844 2801 Minorum3
872 2736 931 2806 qui,
962 2737 1038 2792 sicut
1065 2743 1095 2793 ct
1119 2737 1216 2792 cuncti
1241 2737 1359 2794 Fratres
1385 2739 1568 2810 reliquorum

513 2820 665 2884 Ordinem,
698 2818 809 2890 aliquid
845 2817 881 2873 de
917 2821 1086 2891 corporibus
1129 2840 1368 2894 quorumcunque
1403 2823 1568 2894 potentium

513 2905 701 2960 morientium
741 2904 859 2959 sibimet
889 2903 1091 2970 vendicabunt,
1123 2923 1204 2961 more
1240 2925 1345 2961 cenum
1375 2906 1568 2963 cadaveribus

513 2990 721 3055 assistentium,
734 2989 786 3043 ubi
805 2988 929 3060 quisquc
948 3007 1031 3045 suam
1048 2989 1222 3061 particulam
1239 2991 1324 3047 avide
1342 2991 1569 3047 consumendam

514 3093 530 3131 e
570 3082 655 3131 ectet.

347 3170 413 3221 Itees
426 3185 458 3235 ap
531 3093 621 3216 XIIlcst
633 3163 740 3216 festum
754 3159 852 3216 Sancti
864 3157 1028 3225 Michaelis,
1042 3158 1105 3214 Rex
1122 3160 1230 3216 iterum
1247 3161 1368 3218 tendens
1384 3161 1415 3217 in
1429 3160 1568 3231 Scotiam,

347 3238 473 3288 Mssfflffilh
515 3265 582 3302 cum
600 3246 764 3302 Eboracum
781 3245 919 3311 venisset,
933 3262 1102 3316 moramque
1120 3244 1295 3317 ³aliqualem
1312 3248 1431 3304 fecisset
1447 3248 1568 3316 ibidem,

347 3307 482 3420 {gudemn'
516 3331 611 3388 Rcsus
637 3331 715 3385 filius
742 3329 892 3384 Mcreduci
918 3336 1030 3400 captus,
1059 3329 1188 3401 illucque
1213 3330 1364 3398 deductus,
1388 3330 1571 3403 judicialiter

348 3411 459 3488 Edward
516 3416 731 3470 condemnatur.
768 3413 880 3467 Deinde
906 3413 969 3468 Rex
993 3413 1140 3485 proiectus
1165 3416 1197 3469 in
1223 3415 1359 3483 Sectiam,
1386 3417 1521 3473 omnibus
1540 3419 1571 3472 in

348 3513 398 3554 sets
410 3506 504 3555 outfor
516 3518 641 3569 regnum
661 3498 765 3554 Scotiae
785 3498 836 3568 jus
859 3497 1079 3552 vendicantibus
1103 3499 1251 3569 imposuit,
1271 3501 1352 3555 utin
1376 3500 1450 3556 festo
1470 3501 1569 3556 Sancti

349 3572 476 3622 3⁰⁰²h11d·
518 3583 659 3639 Johamiis
685 3583 826 3653 Baptistae
853 3583 984 3652 proximo
1000 3581 1107 3650 ,futuro
1133 3600 1230 3637 coram
1255 3602 1286 3638 sc
1311 3592 1521 3656 comparerent,
1541 3590 1572 3641 et

519 3686 576 3739 quc
591 3668 658 3738 juro
677 3685 801 3736 regnum
820 3665 893 3719 illud
911 3665 1112 3731 vendicabant,
1133 3666 1247 3737 plenius
1266 3667 1455 3725 declararent.

553 3752 671 3806 Transit
689 3769 779 3805 annus
802 3751 857 3804 iste
876 3751 1011 3821 frugifer,
1032 3750 1084 3805 sed
1104 3751 1188 3822 ⁴qum
1211 3752 1314 3807 incolis
1332 3753 1382 3807 vix
1407 3754 1568 3811 sufficeret:

518 3838 616 3891 Terra>
643 3836 756 3890 Sanctia
775 3835 889 3898 flebilis,
915 3842 1034 3905 propter
1057 3835 1184 3889 nobilem
1208 3837 1357 3891 civitatem
1375 3837 1483 3904 Accon,
1505 3858 1570 3910 quas

520 3926 538 3948 “
553 3920 670 3976 Acres'’
696 3921 744 3973 vel
772 3918 1039 3990 “⁵Tholomayda”
1066 3919 1183 3985 dicitur,
1216 3931 1345 3992 ereptam
1376 3922 1569 3989 Christianis3

518 4005 624 4076 Anglis
654 4011 684 4058 et
715 4003 810 4058 Sectis
840 4003 894 4057 sub
924 4022 1032 4073 magna
1067 4005 1264 4076 expectatione
1294 4011 1468 4072 transactus,
1500 4008 1570 4063 dum

517 4091 719 4162 uuusquisque
738 4089 812 4143 scira
831 4088 919 4158 cupit,
937 4089 1003 4158 quis
1021 4088 1052 4141 in
1070 4104 1160 4159 regno
1179 4091 1310 4160 gentium
1329 4091 1535 4148 dominabitur.

553 4176 638 4231 Anno
663 4174 765 4245 gratim
789 4173 945 4226 millesimo
969 4172 1166 4227 ducentesimo
1191 4176 1378 4245 nonagesimo
1402 4177 1499 4243 tertio,
1520 4178 1571 4249 qui
1584 4188 1642 4239 MS.
1652 4190 1690 4239 Bil

519 4267 566 4316 cst
584 4279 675 4315 aniius
694 4258 777 4328 regni
791 4257 881 4327 Regis
900 4256 1045 4321 Edwardi
1060 4275 1078 4312 a
1089 4258 1265 4329 Conquaestu
1283 4259 1385 4325 Primi,
1402 4255 1690 4339 vicesimus,1³es1³

353 4330 473 4381 Nl⁰h⁰¹³⁸
520 4345 681 4400 Nichclaus
718 4343 798 4413 Papa
836 4339 964 4409 Quartus
994 4342 1073 4396 viam
1111 4343 1255 4398 imiversru
1293 4345 1388 4399 carnis
1419 4345 1571 4417 ingressus
1584 4319 1615 4372 h
1628 4337 1664 4373 ¹¹·

353 4397 399 4446 Ν·
521 4435 582 4495 est3
609 4429 660 4499 qui
678 4427 764 4498 paulo
783 4433 858 4491 ante,
879 4425 992 4495 Regem
1009 4424 1127 4496 Angliae
1146 4426 1183 4480 ad
1200 4427 1430 4498 recuperandum
1450 4427 1571 4486 'l'erram

519 4609 610 4617 -.—-—-

555 4718 767 4782 ¹appromamenta
794 4719 822 4769 in
855 4720 898 4770 the
924 4720 1023 4784 printed
1103 4718 1394 4786 ‘cerrectlyquiesin
1411 4725 1454 4773 the
1470 4720 1572 4787 printed

522 4805 597 4847 texts.
1069 4809 1144 4852 texts.

554 4878 710 4942 'discutione
717 4897 747 4931 cr
754 4882 897 4942 discuciens,
906 4880 933 4931 in
942 4881 1006 4947 orig.
1016 4901 1023 4942 3
1102 4882 1172 4931 ³For
1189 4879 1328 4947 Ptolemais,
1335 4896 1382 4935 one
1399 4883 1430 4935 oi
1441 4878 1475 4936 ils
1487 4884 1574 4937 tincti·

522 4959 653 5009 discuticnc
664 4960 691 5009 ln
702 4958 745 5012 the
756 4961 853 5024 printed
864 4970 938 5013 texts.
1070 4961 1109 5012 cel
1120 4975 1212 5013 names.

555 5040 679 5106 'aliquam
690 5041 717 5090 in
729 5042 771 5091 the
783 5040 882 5106 printed
893 5050 968 5093 texts.
