3750 6250
673 1088 839 1140 auronae
859 1088 1069 1139 sucmcsus
1333 1074 1397 1139 103

320 1275 368 1327 .“
387 1288 455 1329 eece
484 1272 601 1344 caput.’'
637 1273 677 1329 Et
701 1274 801 1330 statim
830 1280 1007 1346 protestatus
1034 1281 1079 1330 est
1106 1273 1224 1329 ¹coram
1253 1273 1396 1339 omuibus,
1410 1280 1478 1333 al).
1498 1285 1569 1333 1³03.

226 1333 311 1394 iffi
347 1356 426 1427 quod
455 1357 579 1428 Papatui
606 1376 755 1428 nunquam
784 1360 976 1425 renunciaret,
1004 1357 1144 1430 quamdiu
1169 1365 1268 1430 posset
1292 1358 1399 1415 habere

226 1412 298 1523 Ψ
346 1441 448 1496 vitam.
487 1442 609 1498 Schsira
633 1459 703 1497 vero
726 1443 821 1499 voluit
844 1443 970 1499 libenter
994 1442 1176 1500 interfecisse
1201 1442 1320 1514 Papam,
1348 1443 1400 1498 sed

345 1542 398 1595 per
428 1525 569 1596 quosdam
604 1527 662 1582 suit
700 1527 884 1598 prohibitns;
924 1528 968 1583 ita
1003 1526 1080 1598 quod
1096 1531 1099 1537 '
1117 1526 1197 1598 Papa
1229 1527 1339 1581 malum
1369 1527 1400 1582 in

344 1627 465 1681 corpore
489 1628 548 1666 nou
564 1611 685 1681 recepit.
712 1611 851 1666 Attamen
868 1610 996 1666 ostiariis
1017 1611 1105 1683 Papae
1132 1611 1252 1682 fugatis,
1280 1618 1310 1666 et
1334 1612 1397 1682 qui·

345 1693 468 1749 busdam
485 1695 656 1758 interfectis,
676 1694 835 1766 ejectisque
861 1701 923 1751 tam
940 1694 1100 1767 majoribus
1124 1713 1212 1766 quam
1236 1695 1397 1751 minoribus

342 1777 380 1833 de
405 1797 459 1834 sua
478 1779 598 1843 familia,
621 1779 752 1850 deputati
774 1786 842 1834 sunt
857 1778 992 1835 custodes
1008 1779 1105 1849 Papae,
1123 1796 1176 1851 par
1198 1779 1348 1835 Schairam
1366 1786 1397 1836 et

342 1862 535 1934 capitaneum,
568 1863 711 1919 Dominus
736 1863 917 1935 Reginaldus
945 1863 982 1920 de
1009 1861 1149 1935 Seppius,
1177 1869 1208 1919 et
1232 1863 1318 1920 multi
1343 1864 1394 1919 alii

340 1964 408 2001 cum
434 1947 545 2003 eodem.
590 1948 667 2004 Acta
693 1954 762 2005 suut
787 1947 850 2005 haeo
875 1949 907 2004 in
932 1947 1048 2018 vigilia
1076 1947 1249 2004 Natiuitatis
1280 1948 1394 2005 Sancta

341 2032 452 2100 Maria,
473 2034 598 2105 septima
614 2036 686 2091 hora
704 2035 773 2091 diei.

375 2118 528 2175 Exercitus
546 2137 625 2185 vero,
651 2126 806 2191 postquam
831 2118 941 2192 irrupit
964 2119 1115 2190 palatium,
1136 2135 1204 2173 mox
1221 2118 1395 2190 despoliavit

340 2200 458 2273 Papam,
478 2211 510 2259 et
526 2203 590 2275 ejus
602 2222 748 2260 cameram
766 2211 854 2274 atque
872 2204 1053 2260 thesauriam
1071 2221 1173 2270 suam;
1193 2209 1224 2259 et
1234 2204 1395 2274 asportarit

339 2289 513 2343 vestimenta
536 2307 604 2344 cum
622 2290 808 2353 ornamentis,
836 2295 867 2343 et
892 2306 998 2344 aurum
1023 2294 1111 2359 atque
1135 2294 1299 2360 argentum,
1326 2307 1394 2345 cum

339 2373 472 2429 omuibus
491 2372 558 2428 aliis
575 2373 664 2429 rebus
682 2373 809 2429 inventis
827 2372 946 2427 ibidem.
985 2372 1024 2427 Et
1040 2389 1145 2429 revera
1162 2372 1301 2439 creditur,
1316 2372 1394 2444 quod

339 2472 438 2511 omnes
464 2474 551 2528 reges
576 2457 678 2512 mundi
703 2475 761 2512 non
785 2462 904 2528 possent
925 2462 1041 2512 tantum
1063 2458 1099 2512 de
1118 2461 1255 2513 thesauro
1273 2458 1395 2513 reddere

339 2539 415 2595 infra
433 2559 524 2596 unum
542 2560 659 2605 annum,
680 2548 822 2613 quantum
835 2543 893 2597 fuit
910 2542 947 2596 de
963 2542 1061 2613 papali
1077 2542 1185 2613 palatio
1203 2547 1393 2613 asportatum,

339 2632 369 2679 et
394 2625 431 2679 de
457 2626 575 2696 palatiis
604 2627 695 2681 trium
720 2626 922 2681 cardinalium
946 2633 976 2681 et
1005 2625 1193 2682 Marchionis.
1243 2626 1396 2683 Remansit

338 2718 436 2763 autem
454 2710 535 2780 Papa
559 2716 590 2766 et
609 2716 728 2780 nepotes
747 2711 795 2765 sui
818 2710 874 2765 sub
891 2710 1025 2765 custodia
1041 2711 1170 2766 militum
1188 2717 1219 2765 et
1241 2710 1395 2766 custodum

339 2793 478 2858 Schairae,
491 2812 586 2864 usque
604 2794 635 2849 in
653 2794 731 2849 diem
748 2796 877 2849 tertiam.
915 2793 1014 2849 Medio
1026 2800 1166 2867 tempore,
1181 2795 1303 2851 Schsira
1320 2801 1394 2850 trae·

338 2878 411 2933 tavit
436 2896 505 2933 cum
530 2879 601 2943 suis,
629 2877 773 2949 quomodo
796 2878 907 2948 Papam
930 2878 1020 2933 morti
1038 2878 1176 2943 traderet,
1198 2878 1246 2934 vel
1262 2879 1395 2935 mitteret

337 2961 374 3015 ad
391 2962 505 3034 Regem
522 2963 654 3018 Pranciae
678 2980 783 3033 corpus
796 2962 869 3033 ejus.
915 2961 975 3017 Sed
1000 2963 1125 3034 populus
1149 2960 1312 3033 'Anagniae
1339 2962 1393 3018 hoe

336 3048 526 3118 comperiens,
546 3048 623 3102 sacta
648 3048 852 3102 convocatione
879 3051 1001 3110 secrete,
1021 3046 1224 3117 ignorantibus
1243 3047 1393 3117 capitaneo

337 3138 367 3187 et
391 3133 521 3198 Schaira,
549 3133 634 3204 quasi
661 3132 699 3188 ad
722 3132 823 3187 decem
850 3131 945 3188 millia
971 3130 1132 3196 hominum,
1155 3137 1332 3187 concurrunt
1355 3131 1393 3186 ad

337 3217 477 3287 palatium
504 3217 555 3272 ubi
582 3219 663 3288 Papa
689 3217 861 3272 servabatur
886 3217 917 3270 in
942 3216 1083 3280 custodia,
1103 3223 1134 3270 et
1156 3215 1285 3287 expulsis
1304 3221 1392 3286 atque

338 3299 494 3369 peremptis
513 3297 692 3362 custodibus,
716 3297 843 3368 ingressi
862 3302 939 3361 sunt,
967 3301 998 3351 et
1021 3295 1257 3351 deliberaverunt
1281 3296 1391 3366 Papam

337 3389 366 3436 et
383 3389 502 3454 nepotes
520 3383 594 3453 ejus,
614 3383 743 3437 habituri
762 3399 864 3436 eorum
881 3380 1044 3437 custodiam
1061 3392 1151 3452 penes
1169 3397 1210 3436 se.

371 3467 515 3522 sedante
533 3467 595 3522 haec
613 3468 710 3522 omnia
727 3466 887 3531 sciendum,
911 3465 990 3536 quod
1008 3482 1075 3519 cum
1102 3465 1196 3536 primo
1221 3464 1343 3521 Schaira
1360 3472 1391 3521 et
1403 3473 1533 3525 Mnltreat-

336 3552 514 3622 eapitaneus,
540 3569 608 3606 cum
634 3551 800 3607 Scuescallo
823 3550 915 3621 Regis
936 3549 1077 3614 Francia,
1105 3549 1391 3622 comprehendissent
1402 3549 1472 3592 ment
1483 3542 1514 3591 οῖ
1542 3609 1548 3621 ,

336 3635 454 3706 Papam,
481 3637 513 3690 in
537 3654 645 3706 equum
663 3642 823 3707 posueruut
845 3635 992 3699 effrenem,
1005 3634 1043 3689 ad
1061 3633 1183 3688 caudam
1201 3651 1287 3690 versa
1303 3635 1387 3701 facie,
1401 3609 1471 3726 ἓξὲξ
1482 3609 1561 3660 Βοω·

336 3727 366 3774 et
391 3722 434 3775 sie
460 3720 623 3775 discurrere
645 3722 706 3775 fere
731 3737 826 3791 usque
849 3720 887 3775 ad
907 3719 1099 3775 novissimum
1116 3717 1260 3774 ³halitum
1286 3736 1388 3791 coege·
1457 3713 1464 3728 ‘

336 3812 412 3869 runt,
439 3811 470 3859 et
495 3804 612 3860 tandem
636 3822 710 3876 pene
734 3806 811 3860 same
835 3809 1029 3869 necaverunt3
1055 3803 1146 3858 donec
1171 3820 1239 3858 eum
1264 3805 1390 3875 populus

334 3889 505 3958 ⁴Anagniae,
524 3895 559 3945 ut
576 3890 774 3960 premittitur,
794 3889 957 3944 liberasset.
996 3887 1098 3943 Seaira
1117 3904 1197 3952 vero,
1217 3894 1336 3959 propter
1359 3889 1391 3944 id

338 3972 455 4027 offensis
469 3973 548 4028 villa
563 3974 774 4038 communibus,
792 3990 860 4028 cum
876 3972 1006 4028 exercitu
1018 3971 1139 4026 daville
1150 3973 1281 4027 recessit.
1310 3973 1391 4027 'l'une

338 4056 460 4127 populus
479 4058 549 4112 lecit
567 4058 677 4129 Papam
696 4058 843 4129 deportari
869 4057 900 4112 in
924 4073 1062 4127 maguam
1079 4056 1216 4126 plateam,
1241 4055 1293 4111 ubi
1311 4056 1392 4127 Papa

338 4140 512 4195 lacrimando
530 4142 637 4213 populo
656 4142 842 4214 praedicarim
870 4142 947 4197 inter
968 4141 1065 4196 omnia
1088 4141 1199 4211 gratias
1221 4156 1311 4210 agens
1329 4139 1392 4195 Deo

338 4233 368 4279 et
393 4226 500 4296 populo
518 4226 686 4297 ‘Anagniae
710 4226 746 4282 de
763 4227 827 4283 vita
844 4244 906 4281 sua.
953 4224 1084 4281 'Pandam
1110 4224 1141 4279 in
1167 4225 1224 4278 fine
1250 4225 1392 4279 sermonis

338 4309 419 4376 dixit,
442 4315 460 4339 “
474 4312 549 4368 Boni
567 4313 699 4369 homines
723 4319 755 4369 et
779 4312 928 4378 mulieres,
955 4316 1069 4368 constat
1083 4310 1166 4365 robis
1186 4309 1313 4381 qualiter
1336 4309 1391 4365 ini·

341 4399 359 4420 ‘⁴
377 4396 446 4451 mici
471 4397 530 4451 mei
556 4405 698 4453 venerunt
721 4404 752 4453 et
774 4397 959 4453 abstulerunt
981 4397 1079 4452 emnia
1095 4396 1171 4450 bona
1188 4412 1262 4459 mea,
1288 4401 1319 4449 et
1335 4411 1393 4451 uon

341 4484 358 4504 ‘¹
378 4488 491 4536 tantum
509 4497 583 4547 mea,
604 4483 656 4538 sed
673 4488 704 4539 ot
721 4483 818 4537 omnia
835 4483 909 4537 bona
926 4481 1085 4547 Ecclesioe3
1111 4486 1141 4534 ct
1159 4497 1205 4534 me
1224 4480 1266 4533 ita
1284 4497 1392 4550 paupe·

343 4569 360 4591 ‘⁶
380 4583 443 4621 rem
462 4566 539 4623 sicut
557 4566 615 4622 Job
633 4568 738 4632 suerat,
758 4566 941 4622 dimiserimt.
979 4565 1103 4636 Propter
1128 4563 1206 4634 quod
1227 4563 1291 4619 dieo
1310 4564 1393 4662 uobis

357 4756 677 4765 ....—-—.-·.--——-

371 4856 378 4885 ¹
398 4855 518 4920 Supplied
541 4853 568 4905 in
588 4868 603 4905 u
623 4854 686 4906 later
708 4853 776 4906 hand
804 4853 843 4905 lor
924 4851 1102 4917 2Αηαςιιηιίι]
1114 4848 1157 4902 the
1168 4851 1266 4917 printed
1283 4861 1356 4905 texts.

339 4953 445 4999 querum,
467 4935 605 5003 originally
627 4937 727 4988 written
747 4937 782 5001 by
803 4935 842 4985 in·
923 4931 1034 4981 'alitum
1046 4931 1073 4980 in
1085 4931 1150 4996 orig.

340 5019 497 5067 adverteres.
924 5013 932 5042 ⁴
949 5010 1062 5079 Anapum
1072 5011 1100 5061 in
1113 5012 1155 5062 the
1167 5012 1266 5075 printed
1282 5020 1357 5064 texte
