3750 6250
741 1119 906 1171 merosus
920 1121 1132 1174 1161161111.
1403 1114 1465 1181 481

459 1309 515 1362 que
533 1310 605 1347 nous
623 1310 696 1349 vous
715 1312 750 1349 en
769 1295 870 1353 doions
889 1317 974 1354 savar
987 1318 1057 1371 gree
1070 1319 1121 1355 sur
1139 1306 1184 1356 tot
1200 1301 1315 1357 lamour
1328 1306 1358 1357 et
1369 1301 1467 1356 loialte
1480 1314 1548 1367 Μ),
1563 1321 1635 1371 1381,

419 1378 438 1403 “
458 1393 514 1447 que
538 1394 611 1433 vous
631 1385 731 1450 portez
751 1399 769 1435 6
785 1399 868 1437 vous.
905 1384 988 1439 Dono
1010 1392 1091 1441 souts
1114 1393 1213 1441 nostre
1239 1393 1347 1455 graunt
1372 1386 1431 1440 seal
1450 1404 1468 1439 a

420 1463 555 1517 “nostre
580 1461 653 1533 Oyte
679 1464 715 1519 (16
742 1465 881 1533 Londres,
910 1469 937 1524 le
966 1470 1070 1542 quinae
1094 1471 1163 1542 jour
1190 1471 1226 1526 de
1245 1470 1326 1535 Juin,
1355 1470 1405 1525 lan
1431 1470 1467 1525 de

419 1548 439 1572 “
457 1551 556 1604 nostre
574 1563 665 1619 regne
685 1550 818 1621 quarte.''

547 1848 760 1917 Demetitis
791 1848 1016 1918 Villonornm
1040 1853 1161 1920 Sancti
1190 1855 1330 1922 Albuci.

450 2001 595 2076 Oppidani
619 2009 718 2059 tamen
735 2002 771 2056 de
790 2001 896 2059 Sancto
914 2002 1038 2068 Albano,
1062 2023 1129 2060 cum
1146 2006 1209 2061 hoeo
1228 2008 1325 2063 omnia
1348 2026 1462 2081 compe·
1478 2010 1632 2064 ’111611111-

414 2088 530 2185 rissent,
548 2094 579 2144 et
603 2105 683 2183 nova
702 2087 848 2184 frequenti
869 2087 1017 2185 relatione.
1028 2091 1090 2145 suis
1109 2091 1185 2187 rotis
1204 2094 1349 2190 contraria
1366 2112 1464 2165 perce·
1477 2087 1610 2196 {3¹:23¹-

413 2179 535 2244 present,
555 2170 650 2228 adhuc
674 2178 814 2227 insensati
833 2178 863 2227 et
881 2190 943 2227 sme
962 2179 1074 2229 ratione
1101 2175 1251 2231 libertates
1279 2178 1397 2247 qmdem
1416 2196 1463 2233 ex·
1476 2213 1546 2263 hm
1557 2214 1608 2264 stffl

412 2262 512 2329 petere
542 2256 741 2320 decreverunt,
773 2257 838 2327 ipso
868 2256 916 2311 die
944 2257 1106 2323 Dominico,
1127 2260 1196 2315 dum
1232 2260 1349 2317 adesset
1377 2264 1464 2318 turba
1475 2280 1564 2343 pmigt
1574 2281 1601 2329 in
1649 2323 1650 2326 ,

414 2359 480 2413 quae
510 2343 640 2413 ipsorum
663 2342 751 2414 jussu
777 2341 867 2398 citata
893 2342 990 2397 iuerat
1021 2344 1075 2398 sub
1100 2346 1195 2400 forma
1224 2353 1393 2417 praenotata,
1426 2349 1462 2403 de
1475 2346 1542 2396 their
1557 2348 1600 2397 de-

412 2426 492 2483 villis
509 2426 546 2481 de
564 2425 686 2489 Latona,
707 2426 743 2481 de
755 2425 915 2491 Watiorde,
935 2426 971 2481 de
984 2427 1102 2491 Barnet,
1123 2415 1581 2498 (16111611611161611611116,11181(Ῑῆί

413 2510 449 2567 de
472 2510 597 2580 Trenge,
623 2517 654 2564 et
671 2509 737 2564 aliis
755 2509 1030 2581 circumjacentibus
1054 2512 1128 2567 vicis
1153 2519 1183 2568 et
1199 2514 1297 2579 villis3
1320 2533 1357 2570 ne
1382 2480 1611 2597 vids-ffiffi
1649 2522 1652 2526 ’

412 2602 515 2651 rentur
538 2594 575 2650 ab
600 2594 667 2658 hiis,
694 2612 767 2665 qnos
794 2599 874 2650 tanto
899 2595 979 2650 fastu
1007 2603 1191 2662 vocaverant,
1218 2597 1306 2653 nimis
1337 2600 1464 2655 faciliter
1478 2613 1598 2665 semiton,

412 2680 504 2737 fuisse
527 2680 633 2744 territi,
658 2679 707 2735 vel
730 2679 822 2750 regiis
851 2679 996 2734 mandatis
1022 2686 1052 2735 et
1081 2682 1289 2737 monitionibus
1319 2684 1462 2755 paruisse.

411 2764 496 2821 Nihil
525 2764 633 2819 etenim
657 2763 790 2817 futurum
814 2762 1017 2834 praevidentes,
1044 2764 1095 2818 sed
1120 2766 1218 2820 omnia
1240 2768 1398 2837 prasentia
1421 2786 1465 2823 so-

412 2848 559 2904 lummodo
586 2847 812 2910 considerantes,
838 2846 984 2902 desideria
1010 2848 1107 2904 cordis
1133 2866 1233 2903 corum
1258 2852 1320 2905 sino
1341 2851 1403 2906 ulla
1420 2854 1463 2907 in-

411 2939 562 3005 posterum
586 2932 771 2986 revocatione
796 2930 944 3002 implenda
961 2931 1111 3002 putabant.
1157 2931 1349 3005 Quapropter,
1368 2935 1464 3006 parvi·

411 3016 569 3089 pendentes
594 3015 726 3070 chartam
743 3015 866 3085 regiam,
887 3032 952 3085 quas
970 3032 1072 3086 pacem
1089 3015 1197 3070 obtulit
1222 3017 1402 3084 cessantibus
1427 3019 1464 3074 ab

411 3101 529 3173 injustis
547 3098 740 3155 levationibus
752 3105 782 3153 et
798 3097 1011 3154 extorsionibus
1029 3116 1048 3154 6
1064 3098 1112 3154 (116
1124 3098 1249 3156 Veneris
1268 3106 1298 3156 et
1315 3102 1461 3174 deinceps,

411 3204 522 3242 necnon
541 3183 672 3257 pericula
690 3189 728 3239 61,
740 3183 854 3247 (16111116,
869 3202 934 3254 quar
954 3200 1003 3238 eos
1022 3184 1177 3240 manebant
1194 3186 1225 3239 in
1242 3192 1391 3258 posterum
1410 3206 1463 3260 pro

410 3269 579 3342 hujusmodi
624 3268 884 3322 insurrectionibus
917 3275 948 3324 et
993 3268 1217 3332 turbationibus,
1266 3280 1463 3329 convenerunt

411 3372 479 3410 eum
490 3353 578 3409 turba
592 3352 686 3407 multa
701 3369 786 3406 mane
804 3352 900 3422 prima
913 3350 1043 3417 Sabbati,
1059 3353 1115 3407 hoo
1133 3359 1187 3418 est,
1202 3352 1365 3421 Dominioa,
1378 3363 1412 3412 ut
1427 3375 1462 3413 ea

411 3454 476 3510 quas
500 3438 636 3492 hesterno
653 3436 807 3506 petierant,
827 3435 967 3489 hodierno
991 3434 1106 3507 plonius
1127 3445 1343 3510 recuperarent.
1393 3440 1460 3496 Non

411 3528 507 3578 tamen
518 3529 578 3577 tarn
591 3520 766 3583 turbulente,
775 3527 836 3574 tam
851 3520 1031 3584 immodeste,
1047 3523 1124 3577 sicut
1134 3523 1226 3595 prius,
1241 3524 1302 3589 sed,
1318 3543 1418 3597 pacem
1431 3535 1461 3583 et

409 3606 651 3679 tranquillitatem
661 3603 841 3668 simulantes,
854 3604 992 3675 petebant
1003 3605 1118 3660 chartas
1130 3609 1276 3677 praefatas,
1290 3609 1460 3666 benevolen-

409 3692 483 3747 tiam
501 3690 703 3763 promittentes
722 3707 758 3742 ex
774 3689 832 3744 hiis
850 3688 927 3744 inter
945 3688 1069 3745 villanos
1088 3696 1118 3748 et
1134 3692 1289 3748 monachos
1308 3695 1458 3760 orituram,

409 3780 440 3831 et
456 3776 489 3831 in
505 3780 680 3846 perpetuum
697 3772 884 3839 duraturam
906 3791 965 3828 non
983 3774 1163 3831 attendentes
1182 3778 1261 3848 quod
1279 3779 1396 3850 quia,-

516 3892 536 3917 “
548 3888 593 3944 De
611 3887 686 3943 male
706 3887 836 3959 quaesitis
853 3887 903 3942 vix
921 3888 1031 3957 gaudet
1048 3889 1153 3943 tertius
1176 3889 1280 3956 haeres,

585 3976 604 4002 ‘⁸
617 3973 681 4029 Neo
698 3972 786 4028 habet
803 3976 923 4026 eventus
945 3972 1062 4027 sordida
1078 3973 1178 4044 praeda
1195 3974 1315 4031 bonos.’'

443 4089 541 4163 thue
565 4089 662 4145 omnia
684 4090 747 4144 baee
772 4088 865 4145 tutius
890 4105 979 4157 agere
1002 4087 1182 4155 viderentur,
1205 4096 1236 4146 et
1253 4109 1271 4147 a
1287 4091 1392 4164 majori
1409 4109 1458 4148 ve·
1470 4106 1543 4171 They
1554 4124 1614 4160 con.

407 4175 514 4229 lamine
533 4173 747 4236 obumbrarent,
761 4174 892 4228 chartam
910 4171 947 4225 de
960 4171 1153 4228 forisfacturae
1171 4175 1352 4240 remissione,
1368 4194 1455 4246 quam
1470 4175 1525 4254 cfal
1536 4175 1579 4226 the

408 4258 527 4329 quidam
546 4275 581 4313 ex
598 4258 671 4329 ipsis
696 4275 714 4312 6
732 4258 814 4328 Rege
840 4273 892 4328 pro
917 4255 1065 4312 Comitatu
1085 4257 1264 4314 Hertlordiae
1282 4260 1330 4315 die
1348 4278 1455 4332 praeoe-
1469 4240 1617 4360 ffiros

1468 4375 1622 4431 conditional

1466 4442 1569 4504 pardos.

407 4343 494 4398 dente
511 4342 696 4398 obtinuerant
722 4349 752 4397 et
777 4341 944 4405 attulerant,
972 4358 1046 4413 quae,
1073 4347 1107 4398 ut
1133 4340 1331 4414 praediximus,
1358 4344 1456 4400 eondi-

848 4688 1055 4742 1111611661.

408 4809 427 4831 “
447 4804 540 4867 beart,
561 4805 625 4859 that
645 4804 670 4858 it
689 4821 757 4873 may
775 4803 886 4858 behore
906 4820 941 4856 us
963 4807 993 4856 to
1012 4800 1213 4871 congratulata
1233 4820 1292 4872 you
1313 4821 1391 4875 upon
1414 4807 1454 4861 all

408 4894 427 4915 “
446 4889 497 4944 the
521 4889 587 4943 love
613 4888 670 4942 and
693 4887 803 4958 loyalty
824 4887 888 4941 that
905 4893 976 4941 nnto
995 4904 1029 4941 us
1048 4904 1108 4975 you
1123 4885 1202 4940 bear.
1250 4887 1345 4943 Given
1362 4891 1455 4945 under

408 4977 427 5000 ‘⁴
446 4991 502 5026 our
519 4971 683 5043 3161116661
703 4977 734 5026 61
757 4988 811 5025 our
830 4970 899 5040 Gity
917 4971 951 5023 61
968 4969 1097 5035 London,
1119 4971 1168 5025 the
1189 4970 1321 5026 fifteenth
1345 4972 1402 5044 day
1425 4977 1459 5029 61

409 5061 428 5088 “
449 5056 536 5127 June,
556 5055 606 5114 the
625 5054 723 5110 fourth
740 5072 811 5126 year
829 5055 862 5109 61
877 5072 931 5113 our
949 5053 1062 5124 reign.''

1251 5155 1277 5205 Η
1294 5156 1321 5207 Η
