3750 6250
749 1129 913 1180 meroem
927 1129 1139 1182 memorre.
1409 1120 1471 1183 411

278 1318 392 1371 &Bibl.
424 1302 562 1375 “apen’'
600 1303 840 1375 Sperendnmest
858 1324 938 1378 ergo,
960 1308 1016 1363 etsi
1033 1325 1092 1362 non
1109 1309 1141 1362 in
1158 1310 1306 1379 praesenti,
1326 1308 1358 1362 in
1375 1309 1558 1364 futurem).
1570 1317 1645 1365 1³79.

278 1402 316 1464 eg.
333 1393 362 1437 le
421 1394 527 1452 nmen,
559 1406 678 1460 precum
708 1408 827 1445 suarum
846 1397 1060 1464 consequentur
1083 1393 1228 1458 effectum,
1254 1399 1284 1449 et
1312 1393 1476 1448 inhumeni·

278 1468 332 1503 ·¹¹⁴
420 1473 490 1527 tatis
515 1474 718 1530 crudelitatem
742 1494 830 1547 quem
858 1471 1051 1532 esercuerunt
1074 1478 1105 1531 in
1128 1478 1269 1549 populum
1287 1478 1475 1533 humiliatum

421 1557 476 1611 sub
494 1556 611 1628 flagello
630 1558 695 1623 Dei,
715 1566 797 1632 peste
810 1561 949 1617 videlicet
968 1561 1175 1627 ¹leborentem,
1198 1563 1289 1633 digne
1307 1580 1473 1635 compensa-

421 1642 500 1696 tione
529 1644 717 1714 persentient.
767 1645 859 1700 Lento
883 1664 1008 1717 namque
1033 1664 1139 1718 gressu
1162 1648 1351 1719 progreditur
1375 1647 1474 1704 divina

422 1727 572 1793 severitas,
591 1727 689 1799 ²[sed]
712 1729 881 1785 tarditatem
900 1750 984 1786 suam
1005 1732 1151 1803 gravitate
1171 1739 1346 1804 compenset.

486 1949 663 2018 Jobaaaee
684 1950 823 2020 Sebolcel
846 1951 995 2020 libertati
1020 1952 1181 2041 pristinae
1207 1952 1396 2021 restitutae.

455 2083 565 2139 Eodem
595 2090 734 2157 tempore,
766 2060 1029 2142 intercurrentibus
1066 2087 1199 2159 personis
1236 2088 1387 2158 gravibus,
1420 2087 1471 2156 qui
1484 2094 1553 2145 John

420 2169 546 2225 multum
585 2171 621 2225 de
651 2170 760 2242 injuria
801 2172 931 2244 irrogata
968 2173 1100 2243 personis
1131 2171 1242 2227 dudum
1278 2174 1310 2227 in
1346 2170 1471 2226 ecclesie
1485 2162 1626 2214 schaldis

419 2252 733 2320 westmonasteriensi,
753 2255 891 2311 videlicet
908 2256 1036 2310 Roberto
1052 2255 1167 2311 Haulee
1186 2262 1216 2312 et
1235 2257 1254 2309 J
1255 2256 1361 2311 ohanni
1382 2255 1469 2309 Scha·
1484 2232 1593 2345 {lgm
1605 2238 1631 2281 ω

418 2336 476 2401 kel,
489 2340 538 2409 pie
552 2339 691 2412 justeque
710 2341 872 2405 doluerant,
892 2341 1009 2397 reddita
1021 2347 1066 2397 est
1077 2360 1133 2412 pax
1151 2349 1181 2397 et
1198 2342 1318 2397 libertas
1345 2341 1471 2395 Johenni
1484 2304 1622 2413 ὲῃᾙᾎω

420 2424 554 2490 Sohakcl,
587 2445 674 2497 quem
705 2446 794 2499 supra
835 2428 988 2484 docuimus
1018 2430 1214 2485 irreverenter
1243 2434 1405 2483 extractum
1435 2427 1471 2482 de
1484 2430 1633 2481 conditione.

419 2508 520 2564 cadem
538 2511 670 2576 ecclesia,
691 2516 722 2567 et
746 2512 783 2566 ed
810 2512 927 2567 Turrim
953 2512 1169 2568 Londonierum
1187 2518 1322 2577 tractum
1348 2512 1470 2567 ibidem·

419 2611 475 2664 que
493 2596 619 2650 'carceri
637 2596 842 2667 mancipatum.
881 2597 1025 2654 Convenit
1049 2599 1194 2669 siquidem
1213 2598 1289 2653 inter
1313 2597 1471 2651 Dominum

420 2677 531 2749 Regem
556 2685 586 2734 ct
615 2680 739 2751 ‘ipsum
767 2681 797 2735 id
822 2682 1037 2752 postulantibus
1063 2682 1136 2738 viris
1181 2682 1405 2744 venerabilibus,
1438 2687 1473 2735 ut

419 2760 565 2819 Johanncs
599 2764 722 2819 Schakel
756 2765 903 2836 captivum
928 2784 1024 2831 suum,
1050 2768 1144 2822 filium
1173 2767 1297 2822 Comitis
1321 2766 1357 2820 de
1377 2765 1469 2829 Dene,

418 2847 469 2915 qui
484 2847 546 2917 jam
570 2866 671 2920 nuper,
695 2847 831 2904 defuneto
849 2855 942 2920 patre,
965 2857 995 2905 et
1014 2851 1077 2921 ipse
1094 2851 1279 2906 haereditarie
1304 2851 1409 2906 (lomes
1430 2850 1471 2903 ef·
1505 2844 1511 2859 “

418 2930 511 2987 fectus
540 2938 594 2997 est,
621 2932 746 2987 Domino
766 2932 843 3004 Regi
870 2934 1050 3005 publicaret,
1084 2934 1211 2990 nondum
1238 2934 1316 2988 enim
1341 2935 1471 2989 sciebant

418 3015 484 3085 quis
504 3023 555 3071 eut
574 3016 669 3087 qualis
701 3022 787 3083 essct,
817 3017 865 3072 vel
901 3018 952 3072 ubi
985 3037 1096 3073 morem
1117 3025 1245 3074 traxerat
1267 3019 1310 3073 ita
1333 3019 1393 3073 diu.
1431 3019 1472 3072 Et

418 3104 559 3169 praeterea
579 3100 745 3157 ordinatum
766 3108 820 3165 est,
841 3108 876 3157 ut
888 3102 1031 3158 Dominus
1045 3103 1108 3158 Rex
1125 3102 1209 3158 deret
1221 3102 1315 3157 cidem
1329 3102 1347 3156 J
1350 3102 1466 3167 chunni,

417 3201 470 3254 pro
488 3187 670 3255 possessione
699 3186 833 3258 praedicti
861 3188 980 3258 captivi,
1001 3193 1095 3243 terras
1125 3188 1162 3242 ed
1189 3187 1318 3242 valorem
1351 3192 1468 3240 centum

417 3286 580 3324 marcorum
600 3289 652 3342 per
673 3289 790 3334 annum,
811 3276 842 3324 et
865 3271 897 3324 in
919 3272 1045 3343 pecunia
1070 3272 1247 3343 quingentas
1271 3288 1405 3335 marcas;
1438 3276 1468 3324 ct

417 3353 495 3423 quod
513 3354 655 3408 Dominus
677 3354 739 3408 Rex
760 3355 896 3409 debonis
919 3355 1012 3425 regiis
1037 3355 1173 3411 funderet
1197 3372 1285 3409 unam
1308 3354 1467 3409 canterium

415 3455 469 3507 pro
493 3438 644 3493 animabus
669 3457 770 3492 corum
799 3457 871 3509 quos
905 3439 969 3510 ejus
993 3439 1122 3494 ministri
1152 3439 1183 3493 in
1214 3438 1338 3493 ccclesia
1366 3456 1467 3508 eupre-

417 3519 495 3575 dicte
525 3529 717 3593 peremerant,
749 3522 785 3576 de
811 3523 941 3592 quinque
978 3523 1187 3587 sacerdotibus,
1213 3521 1362 3594 perpetuis
1394 3527 1467 3576 tem·

416 3606 534 3675 poribus
573 3606 750 3661 duraturam.
800 3607 940 3662 Firmatis
969 3607 1034 3662 istie
1059 3607 1281 3670 conditionibus,
1301 3607 1377 3677 Regi
1402 3626 1468 3678 oap-

415 3690 494 3743 tivus
537 3690 679 3754 redditur,
726 3696 756 3746 et
792 3689 939 3746 Johennes
984 3690 1108 3746 Sohekel
1151 3691 1282 3762 pristinae
1326 3691 1465 3746 libertati.

416 3773 523 3829 Jussus
571 3781 669 3830 autem
723 3775 859 3829 exhibere
895 3775 1054 3846 captivum,
1100 3776 1213 3831 cunctis
1244 3775 1465 3839 admirantibus,
1482 3776 1601 3854 singular

416 3861 582 3915 ministrum
604 3878 689 3915 suum
707 3860 823 3923 obtulit,
850 3860 900 3931 qui
922 3860 950 3913 ei
971 3861 1104 3915 astiterat
1121 3866 1152 3916 et
1175 3878 1255 3915 more
1276 3859 1383 3915 relecti
1408 3878 1467 3915 ser·
1480 3842 1577 3909 ΜΠ]

415 3945 509 3998 uiaret
533 3945 563 3998 in
591 3945 670 3998 omni
701 3942 889 3999 tribulatione
914 3962 976 4008 sua,
1000 3949 1030 3999 et
1053 3950 1120 3999 ante
1143 3945 1376 4015 persecutionem
1401 3910 1613 4040 (1υωὶῗὲἷὲδῖ

416 4028 472 4082 sibi
497 4027 580 4083 illata
603 4029 699 4083 suerat
723 4029 754 4082 in
778 4045 904 4094 carcere,
930 4034 961 4082 et
984 4034 1066 4084 extre
1089 4046 1253 4094 carcerem
1283 4029 1375 4083 etita
1396 4028 1614 4105 fide-,0ner‚ffi0

415 4112 483 4168 liter
508 4113 565 4168 sibi
594 4113 767 4178 adhaeserat,
803 4118 914 4167 utnon
941 4112 1086 4184 potuisset
1108 4113 1249 4184 agnosci3
1270 4113 1313 4168 ita
1336 4112 1465 4184 impense
1481 4110 1563 4188 Cenat
1574 4111 1604 4163 de

414 4198 640 4262 ministraverat,
662 4203 696 4252 ut
714 4197 812 4269 putari
833 4197 1028 4253 conductitius
1046 4216 1116 4252 suus
1135 4198 1263 4252 famulus
1286 4197 1391 4251 merito
1415 4214 1465 4268 po·
1479 4176 1570 4229 Dm·

414 4283 528 4337 tuisset.
566 4282 638 4337 Erat
662 4298 780 4336 cernere
805 4281 881 4335 inter
900 4279 1013 4352 Anglos
1033 4281 1143 4336 ibidem
1164 4281 1362 4336 confusionem
1383 4298 1464 4351 mag-

414 4385 480 4420 nam
511 4372 541 4420 et
570 4366 779 4420 verecundiam
812 4365 848 4419 de
872 4371 954 4420 tanta
984 4366 1042 4420 viri
1071 4366 1137 4430 fide,
1164 4365 1234 4420 dum
1259 4365 1383 4435 quisque
1407 4383 1464 4420 non

413 4451 532 4505 liaberet
556 4451 586 4504 iu
608 4468 721 4505 summa
741 4449 963 4520 tranquillitate,
986 4449 1063 4520 quod
1084 4450 1181 4520 ipsum
1200 4450 1230 4502 in
1254 4449 1380 4503 mexima
1400 4467 1464 4520 per·

413 4535 577 4592 turbatione
610 4544 640 4591 et
658 4535 743 4606 regni
768 4535 858 4589 totius
886 4534 1078 4590 commotione
1099 4532 1237 4588 habuisse
1265 4533 1462 4604 conspiceret,

447 4822 590 4874 'laborante
601 4820 627 4871 in
639 4821 682 4871 the
693 4819 794 4885 printed
805 4825 880 4870 tenu.
931 4819 936 4934 Ι
995 4817 1112 4865 ’rerem
1122 4812 1150 4863 in
1161 4813 1205 4865 the
1215 4814 1315 4878 printed
1326 4823 1400 4868 texts.

444 4901 763 4967 2Suppliednomssib1.
786 4901 851 4964 Reg.
880 4902 909 4948 le
995 4898 1101 4962 ⁴ipeum,
1120 4895 1326 4962 depereuntibus
1358 4899 1386 4948 in
1420 4899 1462 4949 the

412 4984 441 5034 E.
455 4982 503 5034 ix.:
524 4982 568 5032 scd
578 4981 716 5031 tarditatem
733 4981 777 5030 irc
790 4980 911 5045 graeitme
962 4977 1062 5042 printed
1073 4983 1147 5028 texts.

408 5061 671 5129 poenoecompeneotin
679 5060 722 5110 the
730 5060 910 5124 printedrexe.
