3750 6250
747 1112 912 1163 meroem
933 1110 1140 1163 securorum
1404 1096 1467 1162 349

318 1290 386 1344 Bibl.
423 1288 442 1312 “
462 1302 544 1340 mum
563 1283 740 1350 Secundum,
755 1285 1001 1358 praedecessorem
1018 1290 1161 1349 nostrum,
1183 1283 1356 1355 reprobatus
1374 1283 1636 1341 cruciaturus.

306 1363 356 1408 .13
423 1373 442 1397 ‘⁴
462 1379 493 1425 et
521 1370 685 1435 damnatus,
716 1390 775 1426 non
804 1372 980 1427 verebantur
1010 1370 1042 1425 in
1064 1387 1157 1441 regno
1180 1368 1298 1440 Angliae
1328 1385 1468 1432 asserere,
1482 1391 1539 1427 case
1554 1376 1638 1427 ethis

306 1440 329 1476 ¹·
423 1458 441 1483 ‘⁶
461 1456 669 1527 dogmatizare,
699 1463 729 1512 ee
755 1456 872 1527 publice
899 1454 1069 1526 predicare,
1095 1453 1156 1507 ruis
1180 1452 1334 1508 nonnullos
1360 1452 1636 1508 cheseium-arrest-

422 1543 441 1567 “
460 1540 561 1595 fideles
580 1541 710 1611 maligne
731 1540 872 1605 inficiens,
896 1557 930 1594 ac
955 1556 973 1593 a
990 1538 1046 1594 fide
1071 1537 1231 1602 Catholica,
1257 1538 1320 1593 sinc
1340 1556 1398 1608 qua
1414 1556 1471 1592 non

422 1628 440 1653 ‘⁴
460 1630 506 1680 est
523 1625 615 1690 salus,
636 1626 746 1680 faciens
764 1622 1001 1687 deviare-Nos,
1022 1622 1204 1679 attendentes
1222 1621 1301 1693 quod
1317 1628 1378 1678 tarn
1407 1640 1473 1694 per·

421 1712 439 1738 ‘⁶
459 1709 603 1765 niciosum
624 1709 744 1773 malum,
767 1709 846 1780 quod
869 1710 901 1763 in
918 1708 1061 1781 plurimos
1081 1725 1198 1779 serpere
1222 1713 1346 1780 poterat,
1370 1723 1472 1761 eorum

421 1795 428 1818 ‘
460 1793 572 1851 animas
590 1793 672 1850 letali
694 1793 866 1862 contagione
886 1791 1024 1856 necando,
1044 1810 1103 1847 uon
1120 1791 1306 1855 debebamus,
1320 1797 1408 1862 prout
1418 1809 1472 1845 nee

421 1881 439 1905 “
460 1878 611 1940 debemus,
631 1877 685 1932 sub
705 1876 937 1932 dissimulatione
954 1876 1089 1941 mansne,
1109 1877 1193 1931 vobis
1204 1894 1257 1947 per
1272 1875 1345 1931 alias
1357 1875 1471 1930 litteras

421 1964 440 1990 ‘¹
459 1969 573 2017 nostras
601 1962 801 2017 commisimus
829 1968 859 2017 et
883 1960 1096 2025 mandavimus,
1116 1968 1151 2017 ut
1166 1978 1229 2024 vos,
1249 1960 1297 2015 vel
1316 1961 1390 2015 alter
1407 1979 1472 2016 vcs-

419 2049 437 2074 “
459 2053 546 2110 trum,
562 2046 598 2100 dc
617 2046 765 2102 dictarum
777 2045 1017 2116 Propositionum
1029 2051 1060 2101 et
1073 2043 1300 2101 conclusionum
1312 2046 1471 2101 assertione

421 2134 440 2158 “
461 2149 585 2201 quarum
611 2131 725 2201 copiam
750 2130 805 2185 sub
824 2129 913 2185 Bulla
931 2136 1032 2185 nostra
1048 2130 1183 2184 misimus
1201 2129 1399 2194 interclusam,
1419 2149 1471 2186 ves

421 2220 440 2242 “
460 2224 572 2270 secreto
597 2216 797 2279 informantes,
830 2215 856 2270 si
880 2215 923 2269 ita
943 2233 1007 2269 csse
1032 2214 1214 2280 inveniretis,
1242 2215 1397 2286 pressatum
1422 2214 1472 2269 Jo-

421 2304 439 2326 “
459 2301 584 2354 hannem
597 2299 771 2354 auctoritate
784 2305 886 2354 nostra
903 2299 970 2370 capi
988 2305 1018 2354 et
1034 2298 1199 2353 carceribus
1218 2299 1379 2369 mancipari
1398 2300 1472 2354 face·

420 2388 439 2410 ‘⁴
459 2385 541 2448 retis,
563 2402 690 2455 eumque
710 2383 765 2439 sub
783 2384 858 2439 bona
875 2382 1010 2438 custodia
1021 2384 1160 2438 teneretis
1179 2383 1210 2437 in
1227 2383 1361 2448 vinculis,
1382 2382 1472 2440 donec

421 2471 439 2496 “
459 2487 477 2521 a
502 2468 586 2522 nobis
615 2486 703 2539 super
728 2469 791 2522 haec
809 2467 981 2539 reciperetis
1006 2466 1087 2521 aliud
1107 2468 1138 2521 iu
1156 2466 1310 2531 mandatis,
1329 2473 1417 2539 prout
1441 2468 1473 2522 in

421 2555 440 2579 “
460 2552 547 2607 dictis
566 2552 674 2607 litteris
692 2552 809 2624 plenius
821 2552 995 2607 continetur.
1035 2550 1260 2606 considerantes
1273 2552 1376 2623 utique
1395 2552 1473 2623 quod

420 2641 439 2664 ‘⁶
459 2637 599 2708 praelatus
624 2636 782 2701 Johannes,
808 2636 979 2706 hujusmodi
1004 2636 1168 2705 captionem
1192 2640 1223 2691 et
1246 2636 1473 2692 carcerationem

421 2723 439 2746 ‘⁴
460 2722 535 2775 sorte
554 2720 754 2791 presentiens,
776 2725 885 2790 posset,
906 2718 985 2789 quod
1003 2719 1088 2782 absit,
1111 2718 1278 2790 perfugere,
1304 2738 1357 2775 seu
1376 2720 1473 2775 latita·

421 2807 439 2830 ¹⁴
459 2804 548 2858 tionis
566 2803 706 2876 praesidio
732 2803 844 2858 dictum
864 2807 999 2858 nostrum
1017 2801 1195 2867 mandatum,
1214 2803 1246 2858 in
1264 2805 1473 2873 gravissimum

421 2891 439 2914 ‘⁶
460 2888 528 2941 fidei
541 2887 760 2952 detrimentum,
775 2886 916 2951 oludere;
936 2904 999 2951 nos,
1016 2904 1053 2940 ne
1065 2892 1126 2941 tam
1143 2886 1324 2942 damnabiles
1337 2888 1471 2959 Proposi-

421 2975 440 2998 “
460 2972 554 3026 tiones
572 2978 603 3026 et
624 2971 835 3026 Conclusiones
854 2970 1037 3034 indiscussa,
1060 2976 1091 3025 et
1115 2987 1216 3025 earum
1235 2972 1407 3026 temerarius
1427 2991 1472 3026 as-

421 3058 440 3081 “
461 3062 555 3109 sertor
580 3055 742 3127 impunitus
769 3059 945 3119 remaneret,
974 3054 1006 3107 in
1030 3052 1238 3108 detrimentum
1264 3055 1473 3125 gravissimum

422 3139 529 3194 “fidei
554 3138 726 3210 praelibatas,
753 3139 930 3194 fraternitati
954 3144 1062 3193 vestrm
1085 3156 1139 3209 per
1167 3137 1337 3209 Apostolica
1364 3140 1474 3210 scripta

423 3228 441 3250 ‘⁴
462 3224 672 3279 committimus
691 3230 721 3278 et
737 3223 918 3287 mandamns,
941 3227 1083 3294 quatenus
1098 3240 1160 3287 vos,
1176 3221 1225 3277 vel
1243 3222 1317 3277 alter
1329 3228 1469 3288 vestrum,

424 3312 441 3334 ‘¹
463 3326 514 3379 per
535 3325 597 3370 vos,
626 3307 675 3362 vel
700 3308 792 3362 alium
814 3324 867 3362 sen
892 3308 975 3371 alios,
999 3306 1153 3377 praefatum
1175 3304 1347 3371 Johannem,
1370 3308 1396 3360 si
1420 3325 1472 3378 per

424 3395 442 3418 ‘⁴
462 3409 514 3447 vos
532 3393 598 3464 capi
622 3398 653 3447 et
674 3393 847 3446 incarcerari
870 3410 928 3445 non
947 3391 1050 3462 possit,
1079 3407 1133 3461 per
1157 3389 1286 3446 edietum
1310 3391 1469 3461 publicum,

423 3479 442 3502 ‘⁴
462 3475 680 3546 proponendum
693 3476 724 3529 in
738 3475 843 3530 Studio
858 3474 987 3539 Oxoniae,
1001 3473 1200 3530 Irincolniensi
1211 3473 1349 3540 Dioecesi,
1364 3481 1394 3530 et
1405 3476 1471 3531 aliis

423 3562 442 3586 ‘⁸
462 3558 535 3613 locis
553 3558 689 3630 publicis,
711 3557 746 3612 de
773 3559 880 3629 quibus
901 3559 942 3614 sit
959 3557 1130 3614 verisimilis
1152 3557 1320 3629 conjectura
1339 3559 1417 3630 quod
1435 3560 1472 3614 nd

424 3647 443 3670 ‘⁴
463 3642 534 3698 dicti
561 3642 702 3697 Johannis
729 3643 864 3698 notitiam
882 3643 1035 3714 pervenire
1054 3642 1160 3707 valeat,
1187 3649 1218 3698 et
1238 3642 1274 3697 de
1294 3643 1400 3714 quibus
1419 3663 1471 3699 vos

425 3727 599 3798 “expedire
623 3728 766 3792 videatur,
793 3745 829 3782 ex
849 3736 932 3799 parte
956 3732 1057 3782 nostra
1080 3727 1274 3798 peremptorie
1298 3745 1415 3782 monere
1443 3737 1473 3785 et

426 3811 555 3866 “citare
582 3812 702 3876 curetis,
731 3812 809 3882 qnod
838 3811 916 3866 inira
939 3812 1031 3866 trium
1048 3811 1195 3866 mensium
1220 3812 1357 3882 spatium,
1377 3830 1395 3867 a
1424 3812 1471 3867 die

427 3898 446 3923 “
465 3896 611 3951 citationis
629 3895 796 3966 hujusmodi
814 3896 846 3950 in
864 3902 950 3951 antea
967 3894 1202 3966 computandum,
1222 3894 1388 3967 ubicunque
1402 3901 1472 3952 tune

427 3983 516 4049 “,nos
536 3998 600 4035 esse
618 3981 784 4050 contigerit,
804 3996 982 4052 comparere,
1009 3997 1042 4035 ac
1060 3980 1253 4051 personaliter
1271 3999 1368 4036 coram
1388 3981 1471 4035 nobis

425 4068 445 4091 “
465 4082 553 4135 super
566 4064 817 4135 Propositionibus
830 4069 861 4119 et
873 4063 1117 4119 Conclusionibns
1128 4063 1331 4134 hujuscemodi
1354 4083 1471 4136 respon·

423 4153 441 4176 ‘⁶
462 4168 558 4212 surus,
574 4166 607 4203 ac
626 4148 780 4203 auditurus
802 4155 832 4204 et
852 4150 986 4204 facturus
1009 4148 1150 4219 quicquid
1169 4166 1257 4220 super
1275 4148 1343 4204 ¹eos
1356 4149 1469 4204 duxeri·

424 4237 442 4260 “
462 4251 527 4287 mus
547 4231 748 4297 ordinandum,
771 4239 802 4288 et
820 4231 891 4287 ordo
910 4233 1068 4288 dictaverit
1086 4234 1219 4300 rationis,
1238 4234 1420 4306 praedicendo
1440 4237 1472 4290 in

423 4316 630 4388 “hujusmodi
655 4317 803 4372 citationis
834 4316 938 4381 edicto,
967 4317 1045 4388 quod
1075 4317 1137 4372 siva
1163 4317 1242 4373 idem
1269 4317 1416 4375 Johannes
1441 4321 1471 4374 in

422 4405 441 4428 “
460 4400 629 4472 hujusmodi
647 4401 772 4456 termino
790 4402 996 4472 comparuerit,
1023 4402 1086 4456 sive
1110 4419 1169 4456 non
1187 4404 1392 4473 comparuerit,
1418 4423 1470 4459 nos

422 4489 441 4512 “
461 4503 549 4556 super
575 4485 747 4555 praemissis,
779 4491 809 4540 et
839 4491 940 4539 contra
967 4503 1035 4539 eum
1065 4503 1159 4555 usque
1187 4486 1225 4540 ad
1251 4486 1379 4541 debitam
1404 4507 1470 4543 con·

421 4573 440 4595 ‘⁶
460 4568 675 4623 demnoticnem
693 4569 786 4639 ipsius
800 4568 953 4633 inclusive,
968 4568 1168 4639 procedemus,
1182 4578 1270 4641 prout
1281 4571 1361 4642 ¹ejus
1374 4573 1470 4627 deme-

421 4655 518 4707 “rita
539 4654 665 4721 exigent,
692 4671 725 4707 oc
750 4653 844 4717 nobis,
864 4652 1023 4708 secundum
1048 4652 1145 4707 Deum
1171 4660 1202 4709 et
1225 4658 1471 4712 conservationem

422 4741 440 4764 ‘⁶
461 4735 538 4800 fidei,
565 4736 714 4791 videbitur
739 4737 884 4807 expedire.
921 4735 1066 4791 Volumus
1088 4743 1195 4802 autem,
1221 4745 1251 4794 et
1282 4743 1470 4811 praesentium

422 4825 440 4848 ‘⁶
461 4831 560 4876 tenore
583 4822 748 4886 statuimus,
770 4821 847 4891 quod
866 4821 1006 4892 praedicta
1026 4822 1136 4886 citatio,
1160 4823 1202 4877 sic
1227 4824 1312 4889 sacta,
1333 4824 1470 4897 ³perinde

498 4971 500 4973 ¹
520 4969 530 4973 -
547 4969 566 4973 ,,
580 4968 651 4974 ,,,,,
674 4968 729 4973 -.
828 4969 830 4971 .
863 4968 867 4970 ,
1028 4967 1041 4971 .-
1052 4966 1208 4973 ——-....-.,
1220 4969 1359 4976 --.--.-,.
1372 4971 1471 4978 ,,,,,.,,,,

457 5057 598 5106 'cirinthe
609 5057 709 5121 printed
719 5063 793 5107 texts.
1004 5056 1123 5121 ’procide
1133 5056 1162 5108 in
1173 5058 1215 5109 the
1222 5058 1323 5123 printed
1333 5069 1408 5113 texts.

455 5136 630 5201 2Ιιιεοιιεεῑίγ
641 5135 786 5190 aritiensis
797 5134 825 5187 in
836 5135 900 5200 orig.
