3750 6250
708 1076 871 1126 maronii
893 1078 1101 1131 mumolus.
1362 1071 1424 1133 311

263 1267 347 1335 Bibl.
378 1271 409 1319 et
430 1266 564 1335 ingratus
588 1261 634 1317 illi
658 1262 785 1317 Boberto
809 1261 955 1317 diceretur
973 1263 1009 1317 ab
1027 1264 1170 1329 omnibus,
1196 1270 1227 1319 et
1249 1266 1425 1321 crederetur.
1439 1252 1506 1303 Ml·
1522 1258 1591 1305 ¹³7⁰·

277 1338 315 1387 la

378 1349 440 1404 Rex
457 1346 617 1402 Edwardus
635 1345 823 1401 nihilominus
849 1346 993 1401 subtraxit
1018 1348 1054 1401 ab
1080 1349 1182 1403 eodem
1207 1349 1334 1405 Roberto
1353 1351 1427 1405 dona

269 1441 278 1455 ⁸
378 1432 510 1503 quasdam
528 1446 593 1501 quas
610 1448 663 1502 per
681 1435 748 1485 ante
764 1430 821 1484 sibi
839 1430 1017 1495 contulerat;
1036 1432 1113 1486 unde
1127 1432 1259 1503 contigit,
1283 1440 1317 1488 ut
1331 1434 1426 1490 dictus

376 1516 521 1571 Robertus
532 1514 672 1586 Angliam
687 1529 745 1568 nou
759 1514 880 1568 auderet
893 1514 1012 1579 intrare,
1029 1521 1183 1586 antequam
1196 1516 1287 1587 Regis
1301 1520 1426 1588 gratiam

376 1612 484 1671 magna
499 1598 623 1671 pecunia
649 1603 854 1668 comparasset.
894 1597 952 1652 Sed
978 1597 1040 1653 haro
1063 1599 1186 1655 inferius
1210 1600 1325 1671 plenius
1345 1603 1425 1657 inno·

376 1690 496 1739 tescent.
533 1683 632 1754 Igitur
647 1682 743 1737 dietus
762 1682 791 1737 J.
811 1681 1044 1747 Menstrerrortb,
1059 1702 1178 1739 cernens
1194 1702 1277 1740 suam
1293 1688 1425 1742 fraudem
1438 1678 1550 1773 {cml}

375 1781 433 1823 non
456 1784 542 1840 posse
568 1766 734 1838 procedere,
755 1771 785 1819 et
803 1784 834 1821 se
852 1784 1029 1836 cognoscens
1056 1768 1269 1839 deprehensum
1290 1771 1322 1825 in
1344 1789 1424 1825 men·
1438 1783 1463 1822 ta
1479 1792 1503 1834 aa

375 1851 467 1916 dacio,
487 1851 565 1922 fugit
582 1851 619 1905 ad
637 1850 750 1920 Regem
769 1849 909 1913 Francia,
929 1850 1038 1905 domini
1057 1853 1103 1905 sui
1123 1852 1242 1907 effectus
1260 1854 1425 1910 infandissi·
1437 1780 1582 1932 {ffiffin'gsth

375 1949 441 1991 mus
459 1935 599 2007 proditor,
619 1942 654 1989 ut
671 1934 747 1988 infra
764 1933 883 2004 patebit.
981 1942 984 1948 “
1436 1932 1462 1974 οι
1469 1931 1562 1974 haum

272 2029 346 2080 Bibl.
411 2021 476 2075 Hoc
497 2036 571 2075 anno
589 2017 726 2074 Urbanus
744 2018 826 2089 Papa
846 2017 882 2072 de
900 2017 994 2073 Roma
1011 2018 1100 2073 rediit
1119 2019 1310 2085 Annironcm,
1334 2039 1368 2076 ea
1388 2022 1424 2076 de
1436 2002 1505 2063 P⁰P⁰
1516 2001 1567 2050 ΠΥ·

260 2102 311 2147 ,18

376 2121 473 2168 causa,
506 2110 541 2158 ut
573 2103 671 2174 Reges
703 2100 868 2172 Anglorum
900 2107 931 2156 et
962 2102 1141 2157 Francorum
1173 2105 1211 2158 ad
1242 2067 1548 2183 eoncordianffffiuffw

260 2179 352 2281 {nu-
380 2189 526 2244 invitaret.
566 2186 633 2250 Sed,
659 2186 732 2258 prob
756 2185 856 2239 dolor!
890 2192 957 2240 ante
984 2191 1045 2240 tam
1068 2187 1149 2258 pium
1173 2206 1246 2259 opus
1267 2190 1423 2260 inceptum,
1437 2207 1579 2263 attempta,

260 2296 310 2356 ng
376 2277 468 2327 morte
498 2275 673 2341 praeventus,
703 2269 842 2323 vicesimo
870 2270 997 2323 secundo
1028 2270 1076 2323 die
1105 2271 1276 2326 Decembris
1304 2273 1340 2327 ab
1370 2274 1425 2328 hac
1438 2266 1558 2315 esmblissh

260 2359 350 2424 uoltu
375 2356 440 2411 luce
470 2354 599 2409 instabili
631 2358 676 2407 est
706 2352 880 2407 subtractus.
931 2353 1127 2424 Sepultusque
1158 2356 1215 2410 fuit
1244 2355 1352 2410 ibidem
1388 2359 1425 2412 od
1438 2348 1512 2448 ἔξω
1526 2354 1532 2392 ³
1545 2334 1592 2382 but

374 2446 489 2510 tempus
507 2438 539 2492 in
557 2437 682 2491 ecclesia
702 2435 878 2499 Oathedrali,
895 2436 981 2506 juxta
1001 2454 1142 2507 magnum
1161 2439 1262 2503 altare,
1283 2440 1334 2493 sed
1360 2448 1427 2511 post
1464 2412 1498 2448 ω’

374 2525 442 2578 anni
459 2522 584 2595 spatium
601 2521 664 2590 ejus
676 2538 743 2575 ossa
754 2520 791 2573 ad
802 2520 979 2575 Abbathiam
992 2521 1090 2576 Sancti
1103 2522 1231 2578 Victoris
1246 2525 1331 2595 juxta
1348 2525 1423 2580 Mar·

374 2606 481 2670 elliam,
498 2607 548 2660 ubi
565 2604 710 2674 quondam
728 2602 828 2658 Abbas
848 2605 952 2668 fuerat,
974 2605 1171 2676 deportantur,
1192 2609 1272 2662 etin
1291 2608 1423 2674 ecclesia,

278 2717 281 2720 ’
375 2704 463 2762 quam
480 2692 543 2762 ipse
561 2707 614 2761 pro
632 2688 736 2759 majori
760 2695 843 2759 parte
862 2688 898 2742 de
915 2706 991 2743 novo
1015 2695 1225 2755 construxerat,
1243 2693 1328 2762 juxta
1347 2693 1425 2763 prin·

374 2774 467 2845 cipale
480 2773 660 2845 sepeliuntur
672 2770 772 2825 altare.
810 2772 849 2825 Et
867 2771 919 2825 ¹in
935 2778 1059 2841 utroque
1075 2773 1148 2837 loco,
1163 2775 1225 2828 Deo
1244 2782 1423 2846 cooperante,

374 2858 447 2913 fiunt
477 2857 556 2912 clara
583 2856 733 2918 miracula,
763 2871 798 2908 er
828 2855 934 2925 quibus
967 2855 1051 2924 cujus
1082 2858 1180 2911 meriti
1208 2856 1318 2912 ²luerit
1348 2860 1425 2929 apud
1437 2851 1579 2900 Hei⁸⁸1¹0⁴

374 2941 468 2994 Deum
490 2940 602 2995 cunctis
621 2938 755 2992 fidelibus
775 2938 958 3007 apertissime
981 2936 1154 2993 declaratur.
1192 2940 1271 2994 Huic
1285 2944 1425 2997 successit
1437 2920 1570 2982 ΜΘΝ

374 3024 533 3096 Gregorius
572 3023 761 3085 Undecimus,
794 3021 941 3074 Diaconus
966 3020 1139 3085 Cardinalis‚
1177 3024 1259 3092 prius
1286 3028 1303 3050 ‘⁴
1318 3025 1423 3081 Petrus
1435 2985 1553 3100 {³}ng

375 3112 393 3136 “
412 3106 591 3180 ³Rogerus”
609 3111 801 3178 nuncupatus.

408 3191 517 3248 Eodem
536 3209 619 3255 anno,
639 3191 742 3244 civitas
761 3190 1013 3244 [lemovicensium
1030 3194 1130 3243 contra
1148 3188 1313 3261 Principem
1331 3192 1423 3245 robel—
1436 3178 1580 3308 ἓξὲξὲῑὲῗγ

374 3277 454 3342 lavit,
481 3279 558 3333 sicut
582 3281 613 3330 et
636 3276 735 3347 plures
761 3275 826 3329 aliae
851 3275 930 3329 villae
957 3293 1025 3329 cum
1053 3274 1181 3329 castellis
1206 3276 1238 3328 in
1258 3277 1420 3341 Waseonia,
1434 3311 1591 3375 osLimogffi.

374 3367 490 3434 propter
509 3377 614 3431 graves
636 3359 798 3413 exactiones
819 3364 849 3412 ct
868 3359 1076 3429 impositiones,
1095 3376 1128 3412 ao
1143 3359 1200 3412 alia
1214 3360 1423 3429 quodammodo

375 3445 578 3517 importabilia,
599 3461 652 3514 per
671 3442 830 3497 Dominum
848 3442 1015 3514 Principem
1041 3448 1071 3496 et
1098 3460 1174 3506 suos,
1204 3450 1237 3497 ut
1264 3443 1423 3510 dicebatur,

374 3525 484 3584 eisdem
505 3528 649 3599 imposita.
688 3525 882 3594 Quamobrem
902 3545 933 3580 se
958 3531 1124 3597 separantes
1144 3545 1162 3580 a
1182 3527 1328 3598 Principe,
1349 3528 1425 3600 Regi

374 3613 504 3668 Francia
514 3612 713 3674 adhaeserunt3
729 3609 806 3663 unde
820 3616 980 3664 commotus
995 3609 1161 3680 ⁴Princeps,
1176 3610 1426 3666 Lemovicensium

261 3720 268 3731 ·
373 3697 559 3750 rebellionem
578 3696 671 3766 primo
691 3694 835 3764 disposuit
852 3694 1000 3748 vindicare
1019 3693 1184 3756 crudeliter,
1207 3695 1264 3748 nisi
1283 3697 1425 3751 maturius

279 3787 285 3799 '
373 3781 587 3852 resipiscerent,
617 3784 647 3832 et
673 3778 737 3848 ejus
761 3778 887 3847 gratiam
909 3784 1082 3847 quaererent,
1107 3776 1212 3830 humili
1237 3780 1309 3833 satis
1328 3799 1422 3852 prece.

374 3863 433 3918 Sed
456 3865 545 3934 ipsos,
573 3879 646 3932 quos
670 3861 804 3916 tutabant
824 3862 900 3914 muri
923 3861 1022 3923 fortes,
1046 3860 1217 3915 victualium
1238 3862 1422 3927 abundantia,

373 3953 404 4002 et
423 3947 627 4002 bellicosorum
652 3947 784 3999 virorum
804 3946 896 4015 copia,
917 3944 991 3998 nihil
1018 3946 1124 3998 terruit
1150 3944 1259 4015 legatio
1281 3947 1424 4019 Principis

369 4031 499 4102 jubentis
514 4048 563 4085 eos
578 4031 615 4084 ad
631 4047 731 4100 pacem
748 4028 853 4082 redire.
892 4028 1021 4097 Quorum
1039 4045 1159 4082 cernens
1178 4029 1317 4101 Princeps
1336 4032 1422 4085 obsti-

372 4116 490 4179 natiam,
516 4131 569 4187 per
594 4114 714 4168 nuncios
744 4113 863 4167 mandat
889 4114 941 4176 eis,
968 4112 1066 4166 dicens
1097 4130 1128 4166 se
1155 4119 1247 4167 totam
1275 4115 1422 4168 civitatem

373 4199 503 4253 funditus
522 4199 747 4260 destructurum,
768 4203 798 4252 ct
811 4215 910 4252 omncs
929 4198 1061 4251 inventos
1076 4197 1107 4250 iu
1125 4214 1159 4250 ea
1174 4197 1243 4266 igne
1261 4197 1308 4250 vel
1325 4197 1422 4267 gladio

373 4287 599 4353 perempturum,
622 4281 679 4336 nisi
699 4281 785 4336 citius
810 4282 866 4335 sibi
890 4281 1103 4342 submitterent,
1129 4288 1159 4334 et
1181 4280 1329 4333 traderent
1352 4281 1421 4334 civi·

372 4372 471 4421 tatem.
508 4366 566 4421 sed
585 4365 832 4436 indisciplinatum
850 4365 958 4434 vulgus
973 4364 1047 4418 nihil
1067 4363 1171 4417 horum
1189 4363 1289 4416 audire
1310 4363 1420 4429 voluit;

373 4450 424 4504 sed
449 4456 480 4504 et
505 4450 624 4504 nuncios
651 4449 735 4503 oculo
769 4448 894 4519 superbo
922 4447 1063 4518 desperit,
1092 4451 1121 4500 ct
1147 4447 1295 4500 civitatem
1330 4449 1421 4503 artius

372 4537 500 4608 undique
531 4537 729 4591 communivit.
778 4536 847 4589 Mox
870 4535 1011 4588 Dominus
1032 4535 1179 4603 Princeps,
1200 4534 1328 4603 plantata
1347 4536 1422 4590 obsi-

372 4625 465 4688 dione,
476 4625 549 4679 diris
557 4624 818 4697 oppugnationibus
831 4631 861 4677 et
872 4623 1029 4676 insultibus
1038 4623 1184 4676 civitatem
1197 4623 1422 4694 circumquaque

409 4932 413 4959 ¹
427 4947 480 4977 cnm
489 4930 513 4977 in
528 4930 553 4977 in
565 4930 606 4978 llic
619 4930 715 4993 printed
728 4936 799 4978 terta
955 4925 1075 4990 liutperti
1086 4926 1112 4974 ln
1125 4927 1167 4975 tlte
1179 4927 1277 4990 printed
1288 4936 1361 4979 texts.

409 5011 479 5072 ‘'fuu
490 5010 516 5058 ln
528 5010 570 5060 ille
582 5009 680 5076 printed
691 5013 763 5058 texts.
959 5009 964 5036 ¹
976 5007 1088 5057 Omitted
1098 5009 1124 5057 in
1136 5008 1179 5056 ιιι
1190 5009 1289 5072 printed
1300 5015 1372 5057 texts.
