3750 6250
661 1074 826 1126 araroma
848 1076 1059 1127 municius.
1319 1062 1384 1126 105

288 1279 314 1316 r.
334 1262 423 1326 bulis,
450 1262 488 1317 ad
504 1262 616 1334 Papam
632 1263 825 1319 Benedictum
850 1267 1001 1327 venerunt,
1027 1261 1258 1318 misericordiam
1284 1259 1387 1333 implo-
1440 1240 1512 1294 ΑΒ·

288 1333 301 1382 b
334 1352 443 1401 rantes.
481 1345 559 1414 Quos
595 1347 646 1401 ille
672 1347 799 1418 benigne
826 1347 988 1421 suscipiens
1022 1346 1157 1410 absolvit,
1185 1363 1219 1401 ae
1245 1346 1386 1400 bonorum
1399 1312 1474 1445 gg&
1484 1313 1555 1360 130⁴.

336 1446 456 1485 suorum
481 1430 586 1485 tribuit
611 1430 789 1486 facultatem.
828 1430 887 1487 Sed
914 1448 964 1486 eos
984 1429 1021 1485 ad
1038 1430 1164 1501 gradum
1183 1428 1386 1485 Cardinalatns
1398 1409 1533 1524 ww&

334 1520 396 1569 tam
414 1513 511 1569 subito
528 1514 684 1570 restituere
701 1533 758 1570 non
777 1515 916 1571 decrevit.

369 1597 450 1670 Papa
470 1597 656 1663 Benedictus,
676 1616 729 1671 per
753 1599 809 1654 hoc
833 1605 958 1670 tempus,
987 1597 1122 1654 Fratrem
1147 1597 1323 1654 Nicholaum
1347 1592 1558 1660 dePromotions

333 1680 431 1747 Prato,
462 1682 640 1754 Episcopum
677 1683 876 1756 Spoletanum,
902 1683 941 1738 ad
971 1682 1191 1739 Cardinalatum
1221 1699 1383 1746 assumens,
1397 1660 1528 1777 ffigll’gt

333 1766 404 1822 fecit
436 1766 613 1840 Episcopum
640 1766 822 1834 Ostiensem3
854 1767 989 1823 Fratrem
1019 1768 1108 1823 etiam
1137 1767 1320 1823 Willelmum
1349 1766 1386 1821 de

334 1849 534 1916 Makelesfeld,
554 1851 712 1905 Doctorum
734 1851 832 1907 Sacrae
857 1850 1035 1922 Theologiae,
1065 1850 1184 1907 Ordinis
1209 1851 1385 1907 Praedicato-

334 1952 409 1999 rum,
428 1935 545 1991 natione
570 1934 740 2006 Anglicum,
760 1935 904 1991 Dioecesis
923 1934 1139 2002 coventrensis,
1162 1935 1254 1991 Tituli
1273 1936 1387 1991 Sanctae

336 2017 451 2074 Sabinis
469 2019 540 2074 fecit
557 2020 768 2091 Presbyterum
786 2019 981 2075 cardinalem.
1020 2018 1086 2087 Qui,
1102 2025 1259 2091 antequam
1271 2019 1308 2075 ad
1320 2036 1388 2074 eum

334 2120 434 2158 rumor
459 2104 636 2174 perveniret,
668 2104 698 2158 in
725 2106 786 2159 fata
810 2105 963 2159 concessit.
1013 2103 1106 2174 Cujus
1133 2110 1228 2160 morte
1258 2104 1386 2175 cognita,

334 2186 414 2258 Papa
431 2187 566 2243 Fratrem
583 2188 748 2244 Walterum
759 2187 1002 2257 Wynterbourne,
1023 2188 1160 2243 similiter
1179 2187 1296 2243 Ordinis
1309 2187 1388 2242 Prae·

333 2269 506 2336 dicatorum,
521 2272 612 2343 Regis
624 2271 741 2342 Anglise
754 2270 967 2335 confessorem,
983 2271 1216 2328 Saresburiensis
1235 2272 1387 2335 Diuecesis,

335 2353 372 2407 sd
389 2354 515 2409 eundem
532 2355 654 2410 titulum
673 2354 878 2411 Cardinalatus
896 2355 1052 2426 promovit.

369 2437 487 2494 Transit
511 2439 593 2494 armis
619 2440 675 2495 isto
700 2438 792 2494 durus
818 2437 970 2504 divitibus,
996 2439 1173 2512 pauperibus
1197 2438 1387 2511 penuriosus;

335 2520 422 2593 Papae
441 2521 598 2594 Gurioeque
616 2523 755 2577 Romana
773 2522 941 2594 probrosus,
966 2529 1085 2596 propter
1103 2524 1210 2579 malam
1227 2524 1391 2596 captionem

334 2604 431 2677 Papae,
459 2606 725 2671 incarcerationem,
754 2612 785 2661 et
802 2612 926 2661 mortem
951 2614 1170 2678 consequenter.
1209 2607 1269 2664 Sed
1292 2614 1390 2664 tamen

335 2688 366 2743 in
382 2688 437 2745 hoo
455 2690 544 2745 etiam
562 2689 704 2746 consolari
722 2691 826 2762 potuit,
847 2691 917 2762 quia
934 2691 1033 2747 nullus
1051 2710 1153 2747 eorum
1171 2693 1222 2764 qui
1241 2693 1304 2764 ejus
1323 2710 1389 2763 cap-

334 2773 406 2829 tioni
424 2774 566 2839 interfuit,
585 2774 633 2830 vel
652 2775 773 2830 facinori
792 2782 873 2830 tanto
890 2776 1080 2842 consenserit,
1103 2775 1249 2847 judicium
1267 2777 1387 2833 ultionis

334 2859 435 2914 evasit.
473 2859 551 2914 Nam
581 2859 701 2931 quidam
731 2859 885 2914 insanabili
916 2861 973 2914 aeti
994 2867 1063 2915 sunt
1086 2861 1172 2925 furia,
1198 2860 1327 2932 quidam,
1356 2847 1456 2963 etk'l'ille

334 2943 479 3015 precipue
492 2944 543 3015 qui
556 2962 658 2999 manus
671 2943 833 3015 injecerunt
852 2943 964 2999 cuasa
982 2944 1110 3008 vicario,
1131 2963 1233 3000 manus
1252 2945 1385 3017 proprias
1398 2915 1549 3031 ,hgdfifflff

334 3028 531 3084 comederunt.
569 3029 660 3099 Regis
687 3028 775 3083 etiarn
793 3027 924 3083 Francia
949 3029 1185 3099 consanguinitas
1204 3035 1234 3084 ct
1251 3028 1386 3100 cognatio
1398 3048 1535 3098 0115„oe

335 3118 412 3171 aaa
430 3119 585 3185 estusque
604 3113 634 3168 in
652 3111 660 3146 ¹
670 3131 748 3185 genu
766 3113 922 3184 septimum
940 3112 1009 3184 igne
1027 3130 1119 3169 sacro.
1399 3113 1508 3193 amicae

370 3197 474 3253 Annus
511 3198 566 3253 iste
601 3197 804 3252 commoditate
831 3199 960 3253 famosus
993 3197 1050 3253 fuit
1081 3197 1322 3265 Flandrensibus,
1356 3181 1465 3260 ,qma

338 3281 459 3337 Francia
477 3281 612 3346 infamis;
634 3281 728 3336 Scotis
746 3281 857 3346 durus;
876 3281 1011 3351 Anglicis
1030 3281 1188 3353 inquietus.
1399 3250 1545 3314 mulda

288 3382 305 3432 r
373 3366 459 3422 Anno
486 3366 589 3437 gratiae
614 3365 770 3421 millesimo
794 3366 999 3422 necantesimo
1024 3367 1135 3438 quinto,
1162 3367 1213 3439 qui
1231 3373 1277 3424 est
1294 3385 1386 3424 annus
1400 3373 1493 3426 Trans-

340 3453 425 3524 regni
443 3452 535 3524 Regis
554 3451 699 3514 Edwardi,
719 3468 737 3505 a
749 3451 925 3522 Gonquaestu
937 3451 1040 3517 Primi,
1054 3452 1220 3508 tricesimus
1233 3452 1386 3518 secundus,
1401 3442 1536 3494 ”¹5⁰⁰ssss

341 3539 436 3594 tenuit
462 3537 557 3592 eidem
583 3537 646 3592 Rex
670 3536 777 3591 Natale
802 3535 879 3608 apud
906 3536 1117 3607 Dunfermelyn
1142 3536 1173 3591 in
1200 3537 1314 3603 Scotia3
1341 3538 1390 3593 cui
1402 3509 1529 3562 swam

288 3598 318 3701 ἵ
343 3622 476 3678 interfuit
506 3619 667 3676 ’exercitus
691 3620 881 3691 Anglicanus.
931 3621 1090 3676 Transacta
1123 3621 1238 3693 hyeme,
1266 3621 1329 3676 Rex
1353 3622 1391 3677 ad

343 3707 522 3763 obsidionem
547 3706 635 3761 castri
656 3706 692 3760 de
721 3705 871 3776 Strivelyn
888 3706 1028 3761 accedeus
1047 3707 1247 3778 personaliter,
1267 3707 1391 3764 dirersis

344 3793 513 3864 praeparatis
527 3790 677 3854 machinis,
694 3789 769 3844 illud
786 3790 890 3846 fortius
905 3791 1099 3862 impugnavit.
1134 3790 1190 3860 Qui
1207 3810 1277 3847 vero
1295 3800 1389 3849 custo·
1403 3806 1431 3858 st
1489 3809 1520 3859 os

343 3877 461 3932 diebant
477 3882 615 3939 castrum,
635 3874 710 3929 illud
728 3874 844 3929 fortiter
861 3873 1058 3939 defendentes,
1078 3893 1146 3930 cum
1163 3876 1307 3932 machinis
1326 3877 1386 3933 suis
1400 3873 1437 3927 δ’
1489 3888 1509 3941 g

341 3961 482 4031 plurimos
500 3958 676 4016 occiderunt.
715 3958 770 4012 Die
789 3958 924 4029 quadam,
945 3977 1013 4014 cum
1031 3959 1094 4014 Rex
1111 3966 1241 4016 castrum
1259 3961 1387 4016 conside·
1399 3941 1491 3994 ome·

340 4044 429 4099 raudo
459 4044 649 4115 obequitaret,
681 4061 715 4098 ao
746 4043 872 4113 quodam
899 4043 963 4099 loeo
988 4044 1065 4099 infra
1085 4044 1199 4115 jactum
1216 4045 1387 4100 balistarum

340 4129 532 4200 obequitando
551 4128 805 4200 appropinquaret,
822 4127 955 4198 jaculum
968 4128 1123 4199 quoddam,
1138 4128 1174 4183 do
1192 4136 1287 4183 castro
1304 4130 1389 4183 emis-

340 4232 405 4269 sum
432 4214 584 4286 superiori,
611 4213 675 4284 ejus
701 4219 857 4266 armatura
883 4212 999 4266 affixum
1027 4220 1073 4267 est
1097 4213 1160 4267 sine
1178 4213 1240 4267 ulla
1260 4213 1389 4284 corporis

341 4297 466 4353 laesione.
505 4298 541 4352 Iu
559 4296 636 4367 quod
654 4302 816 4351 extractum
834 4296 897 4350 Rex
909 4314 1046 4367 expuens,
1061 4314 1201 4352 conversa
1212 4295 1250 4351 ad
1261 4302 1390 4351 castrum

342 4383 424 4447 facie,
454 4382 514 4437 alta
537 4400 609 4437 voce
627 4382 654 4436 ei
683 4381 734 4452 qui
761 4380 836 4435 illud
866 4380 1013 4446 emiserat,
1041 4381 1174 4451 jaculum
1204 4380 1388 4447 ostendendo,

343 4465 530 4536 suspendium
548 4466 721 4521 minabatur.
760 4465 919 4520 castellani
945 4465 1077 4520 videntes
1098 4464 1276 4520 obsidionem
1303 4483 1391 4538 super

343 4567 373 4605 se
398 4551 524 4621 gravari,
554 4549 723 4605 obtulerunt
740 4556 869 4604 castrum
890 4549 977 4620 Regi,
998 4549 1087 4605 salvis
1105 4549 1167 4604 rita
1192 4556 1222 4605 et
1239 4550 1389 4617 membris,

346 4731 853 4747 h———a--—-.——--—...-.

376 4875 382 4904 ¹
395 4873 426 4923 ln
437 4873 481 4924 the
493 4873 592 4937 printed
608 4881 683 4933 texts,
700 4873 752 4923 this
769 4875 839 4924 word
896 4872 993 4922 altered
1007 4869 1035 4920 in
1051 4870 1093 4922 the
1105 4868 1224 4937 original.

344 4949 456 5018 isgiven
471 4968 500 5003 aa
518 4956 707 5020 patrationem
723 4954 775 5004 aad
793 4953 839 5004 has
921 4950 1056 5003 ²0miaed
1078 4951 1105 5001 in
1128 4951 1169 5002 the
1186 4953 1286 5017 printed
1302 4959 1388 5014 texts;

344 5031 386 5082 the
416 5047 570 5097 appearance
597 5034 627 5083 of
654 5032 751 5098 haring
775 5033 838 5083 been
890 5030 1013 5097 probably
1023 5031 1058 5096 by
1067 5030 1251 5084 inadvertenee.
