3750 6250
660 1105 825 1156 ursmare
839 1104 1048 1157 suanense
1318 1087 1381 1160 2⁷1

286 1310 304 1362 ι,
335 1291 454 1348 armatis
468 1292 643 1358 hominibus,
660 1294 841 1366 pernoctavit
857 1294 888 1348 in
905 1293 978 1349 villa
995 1293 1031 1348 de
1050 1291 1225 1355 Salueterre,
1245 1297 1314 1348 tune
1329 1292 1385 1347 silai
1397 1271 1465 1343 Al).
1477 1295 1549 1342 1346.

334 1377 449 1433 reddita
476 1396 538 1449 praa
567 1379 681 1434 timore.
726 1379 798 1434 Post
827 1379 898 1443 hae,
931 1378 1016 1433 villas
1048 1376 1147 1432 sancti
1177 1375 1319 1431 Johannis
1349 1377 1385 1430 de

333 1461 487 1534 Angeleyn
505 1463 589 1517 etde
607 1463 763 1518 Livesham
781 1470 913 1534 potenter
939 1462 1018 1533 cepit
1036 1460 1138 1530 ¹[eum
1158 1461 1262 1515 castris
1283 1478 1384 1515 earun-

334 1547 410 1602 dem.
448 1546 521 1601 Inde
544 1548 744 1618 progrediens.
765 1549 914 1602 civitatem
932 1547 1119 1603 Pietavorum
1140 1550 1273 1613 potenter
1294 1543 1384 1616 cepit]

334 1651 387 1703 per
417 1632 567 1696 insultum,
605 1632 698 1703 captis
735 1632 938 1687 resistentibus
969 1633 1016 1687 rel
1053 1636 1167 1698 ecelsis,
1200 1640 1230 1687 et
1260 1630 1385 1702 quodam

334 1717 488 1789 Episcopo,
521 1734 587 1770 eum
606 1724 730 1785 ‹pratuor
754 1716 917 1770 Baronibus
937 1722 967 1771 et
986 1716 1088 1773 multis
1113 1719 1179 1774 aliis
1204 1714 1384 1786 fugientibus

334 1817 370 1854 ex
394 1801 453 1856 alia
477 1806 559 1872 parta
585 1797 749 1867 ²eivitatis3
779 1801 809 1854 in
837 1818 896 1869 qua
922 1817 989 1855 cum
1016 1801 1142 1873 cepisset
1166 1802 1259 1874 spolia
1278 1805 1386 1870 quanta

334 1885 453 1956 placuit,
473 1883 561 1939 rediit
577 1883 787 1955 Burdogaliam
805 1901 872 1938 eum
890 1883 1048 1955 tritnnpho.

334 2114 385 2182 De
410 2115 565 2202 captione
593 2115 730 2182 namra
755 2122 785 2181 et
806 2115 923 2182 reato
952 2115 1057 2201 Rapis
1082 2116 1127 2183 ia
1150 2115 1331 2202 Applicat,
1356 2125 1386 2185 et

502 2218 659 2306 paleato
681 2217 772 2305 qaod
791 2239 973 2305 perpessas
995 2225 1041 2284 cat
1062 2218 1106 2286 in
1127 2218 1230 2286 anari.

370 2367 455 2422 Arme
480 2367 584 2438 gratim
608 2365 765 2420 millesimo
782 2366 988 2421 trecentesimo
1007 2367 1232 2437 quadragesime
1250 2364 1552 2444 septimellensis.

336 2451 388 2522 qui
406 2457 451 2507 est
468 2469 560 2506 annus
578 2451 662 2520 regni
682 2450 773 2520 Regis
792 2450 938 2514 Edwardi,
959 2469 977 2505 a
995 2450 1174 2521 Conquoestu
1192 2452 1294 2516 Tertii,
1309 2451 1386 2506 viee-
1398 2433 1527 2512 F¹¹ssll⁰f

337 2535 428 2589 simus
453 2535 575 2606 primus,
595 2552 661 2588 curn
687 2533 750 2587 Rex
767 2533 884 2604 Angliae
903 2534 1035 2590 strictius
1059 2533 1206 2591 obsideret
1231 2499 1558 2615 Calesiam‚l1l¹r⁰affc¹g¹g⁰f

337 2618 399 2673 Res
417 2618 556 2682 Francia,
580 2618 665 2688 juxta
692 2617 913 2687 promissionem
942 2637 1029 2688 quam
1050 2619 1177 2675 obsessis
1202 2620 1384 2689 promiserat,
1400 2603 1519 2693 andrap-

337 2702 457 2757 oollecto
476 2702 613 2765 exercitu,
635 2700 779 2756 Galesiam
798 2702 1020 2772 appropinquat,
1040 2702 1077 2756 ad
1101 2703 1319 2759 dissolvendum
1338 2703 1386 2758 ob·
1399 2707 1454 2748 tert*
1463 2700 1497 2777 pf

337 2786 487 2849 sidionem,
515 2785 541 2839 si
566 2783 767 2855 quoquomodo
785 2783 904 2840 valeret.
943 2786 980 2838 In
1006 2786 1133 2840 crastino
1150 2805 1220 2842 vero
1245 2787 1387 2842 adrentus
1400 2767 1491 2818 calm·

337 2869 392 2932 sui,
412 2868 487 2923 elam
505 2867 639 2938 ³aufngit
656 2867 794 2930 diluculo,
824 2868 934 2923 relictis
954 2870 1097 2933 tentoriis,
1119 2888 1186 2925 eum
1210 2872 1386 2926 victualibus

336 2952 449 3007 abunde
473 2953 599 3016 refert-is,
625 2958 757 3008 metuens
788 2952 926 3006 nimirum
957 2953 1075 3023 Anglici
1103 2954 1195 3024 Regis
1225 2954 1385 3018 audaciam,

337 3055 424 3108 (qnam
442 3043 578 3107 expertus
596 3036 692 3091 luerat
709 3054 813 3107 parum
831 3042 906 3100 ante,
927 3037 1033 3091 damno
1051 3054 1113 3092 suo.
1152 3037 1209 3105 Qui
1229 3040 1259 3092 in
1272 3039 1388 3093 Calesia

336 3121 437 3177 villam
449 3121 588 3177 tenebant
605 3128 707 3177 eontra
724 3121 837 3191 Regem
855 3120 982 3191 Anglioe‚
1003 3122 1066 3177 viso
1085 3122 1163 3192 quod
1181 3122 1244 3177 Rex
1256 3122 1386 3178 Francia

336 3205 508 3277 aufugisset,
524 3206 587 3277 jam
600 3206 716 3261 omnino
734 3205 921 3276 desperantes
939 3206 976 3259 de
995 3224 1144 3271 succursu,
1163 3213 1193 3262 et
1211 3224 1244 3261 eo
1262 3209 1387 3261 maximo

336 3290 413 3361 quod
440 3292 516 3345 fame
534 3297 565 3344 et
589 3290 686 3344 inedia
710 3289 906 3353 tabescebant,
925 3289 1028 3344 villam
1053 3289 1130 3361 Regi
1155 3289 1273 3361 Angliae
1291 3290 1386 3345 reddi·

335 3372 449 3437 derunt,
469 3374 559 3429 salvis
577 3375 640 3429 vita
657 3380 687 3428 ct
712 3373 860 3427 membris.
899 3372 961 3427 Rex
979 3380 1077 3429 autem
1103 3375 1255 3444 ingressus
1272 3374 1384 3438 villam,

335 3458 398 3529 ejus
417 3458 600 3529 dispositioni
618 3464 648 3513 et
665 3457 839 3512 ordinationi
865 3457 995 3512 tonaliter
1022 3458 1199 3523 intendebat,
1223 3459 1307 3529 quasi
1333 3476 1386 3529 per

335 3542 461 3613 spatium
479 3543 566 3597 unius
584 3542 693 3596 mensis
711 3558 830 3596 manens
849 3540 967 3595 ibidem.

369 3624 450 3697 Papa
467 3643 546 3691 vero,
567 3624 754 3681 considerans
772 3642 834 3678 rem
853 3625 1012 3695 contigisse
1031 3626 1207 3680 contrariam
1218 3626 1294 3681 votis
1313 3627 1384 3689 suis,
1400 3630 1456 3681 The
1466 3631 1536 3696 Pope

334 3715 364 3764 ct
386 3710 450 3780 jam
476 3710 589 3781 Regem
616 3709 732 3779 Angliar
763 3708 898 3763 ellectum
928 3708 1151 3765 celeberrimum
1180 3712 1256 3766 inter
1286 3728 1385 3765 omnes
1400 3714 1543 3762 PFOP⁰⁵⁰⁸²¹

333 3810 429 3863 reges,
458 3795 633 3865 interposuit
660 3799 758 3864 partes
782 3810 859 3857 suas,
886 3798 920 3848 ut
946 3800 1052 3863 treuga
1076 3794 1160 3849 fieret
1183 3795 1260 3849 inter
1284 3812 1384 3867 regna.
1399 3774 1475 3815 “⁰⁰⁰¹

334 3878 373 3934 Et
398 3884 465 3950 post
496 3879 558 3934 hac
591 3895 658 3933 cum
689 3895 803 3933 summa
829 3877 914 3931 laude
941 3883 971 3932 et
1007 3878 1103 3947 gloria
1128 3878 1189 3933 Rex
1214 3878 1385 3943 Eduardus,

334 3961 412 4017 eirea
423 3962 530 4018 festum
544 3962 643 4018 Sancti
660 3960 823 4024 Michaelis,
836 3961 868 4014 in
883 3960 1023 4030 Angliam
1035 3966 1081 4017 ost
1097 3980 1241 4018 reversus.
1281 3963 1339 4018 Sed
1357 3963 1386 4016 in
1399 3973 1508 4022 Edwnrd

334 4045 490 4112 redeundo,
505 4047 581 4101 siout
600 4045 744 4115 quondam
763 4044 799 4098 dc
818 4044 970 4099 Bm'tannia
988 4045 1095 4100 Minori
1113 4047 1284 4117 repatrians,
1298 4047 1387 4100 maxi·
1399 4047 1498 4121 returns
1509 4048 1535 4089 t0

334 4147 411 4184 mam
430 4136 632 4201 tempestatem
656 4146 812 4200 perpessus
832 4134 878 4184 est
895 4129 926 4182 in
944 4129 1035 4195 mari;
1056 4130 1105 4184 ubi
1130 4131 1238 4186 multos
1256 4131 1385 4184 valentes
1400 4106 1526 4169 l‘nssl'md·

333 4220 365 4267 et
382 4214 487 4283 probes
505 4214 541 4268 de
561 4214 622 4268 suis
648 4213 756 4275 amisit,
783 4213 826 4268 sie
844 4218 874 4267 et
891 4212 977 4266 modo
995 4230 1117 4284 magnas
1143 4214 1265 4284 pertulit
1286 4214 1387 4267 adver·
1400 4222 1425 4269 Is
1437 4238 1509 4273 over·

338 4297 459 4363 sitates3
479 4298 573 4353 ⁴unde
595 4298 694 4353 Beata
707 4296 826 4367 Virgini
843 4302 1020 4367 conquestus
1032 4304 1086 4361 est,
1100 4298 1266 4361 dieens‚—“
1282 4296 1388 4351 Sancta
1399 4289 1475 4338 taken
1492 4292 1554 4354 hya

336 4384 355 4408 “
375 4380 501 4448 Maria,”
526 4382 632 4452 inquit,
667 4379 825 4435 “Domina
854 4398 928 4445 mea,
958 4380 1029 4451 quid
1056 4387 1110 4446 est,
1139 4381 1216 4451 quod
1243 4380 1387 4436 tendendo
1400 4358 1547 4434 lm'm’m'd

336 4468 356 4494 “
374 4483 477 4522 versus
496 4464 659 4529 Manciam,
681 4464 759 4520 felici
778 4482 850 4519 aura
867 4465 963 4535 potior
975 4480 1055 4518 maro
1073 4466 1214 4535 placatur,
1229 4470 1259 4519 et
1283 4472 1387 4521 cuneta
1399 4423 1554 4553 ffllssmhe

644 4632 685 4638 ῳ
703 4632 758 4638 —
772 4632 810 4637 μ’
834 4631 853 4637 -
864 4630 1017 4637 -.ψ-ω
1075 4630 1269 4638 „--.--
1400 4555 1482 4619 Mary.

369 4730 453 4781 ¹'I'hia
475 4734 524 4782 and
547 4732 589 4782 the
610 4731 681 4797 eight
703 4731 833 4795 following
919 4730 1149 4796 ³‹1ffi19itinorig

333 4814 423 4873 verda,
435 4812 549 4876 supplied
560 4812 627 4861 stom
636 4811 832 4874 MS.Bibl.lteg.
917 4808 927 4838 ⁴
939 4809 1003 4858 This
1014 4810 1036 4859 is
1058 4810 1193 4861 semewlrat
1204 4810 1335 4863 similante
1346 4815 1389 4865 the

335 4897 366 4941 1³
379 4892 407 4940 E.
419 4891 455 4942 ix.
473 4907 515 4942 are
531 4891 635 4941 omitted
654 4890 681 4939 in
692 4891 765 4955 orig,
784 4891 834 4938 aad
886 4895 990 4941 context
1007 4888 1038 4938 of
1056 4890 1112 4939 MS.
1134 4890 1234 4944 Cotton
1254 4893 1388 4957 Cleopatra

333 4971 362 5027 iu
371 4971 414 5021 the
425 4971 526 5036 printed
537 4976 612 5020 texta
886 4968 1159 5035 A.xvi.(s.a.134?).

366 5049 526 5101 ²ciaitatibua
549 5050 575 5098 in
588 5049 630 5101 the
641 5048 740 5112 printed
750 5055 824 5098 texts.
860 5101 862 5107 ,
