3750 6250
660 1065 824 1148 nisronn‘
845 1094 1052 1147 inamoena
1338 1083 1380 1148 59

287 1304 309 1343 r.
328 1300 468 1349 manens,
495 1282 685 1351 remandavit,
705 1291 740 1341 ut
757 1285 942 1341 adcastmm
959 1284 996 1340 de
1014 1282 1133 1339 Brithin
1150 1299 1218 1338 cum
1235 1280 1379 1353 magnati·
1393 1288 1461 1342 Α.Ι).
1474 1296 1545 1342 1296.

287 1395 295 1409 ·
328 1369 385 1424 bns
403 1376 489 1424 terras
508 1387 569 1423 suae
587 1369 709 1434 veniret,
729 1388 795 1424 cum
814 1370 872 1424 hiis
891 1387 964 1441 qnos
982 1369 1045 1423 Rex
1070 1367 1142 1422 illuc
1159 1366 1291 1422 mitteret
1307 1384 1379 1420 nun·

327 1454 399 1519 cios,
425 1453 503 1508 infra
532 1453 596 1508 dies
622 1453 788 1524 quindecim
815 1461 1003 1510 tractaturus.
1050 1452 1194 1522 Misitquo
1219 1450 1292 1505 illno
1317 1449 1380 1505 Rex

327 1537 501 1602 Antonium,
513 1536 741 1592 Dunelmensem
752 1538 940 1609 Episcopum,
955 1555 1022 1592 cum
1034 1536 1121 1608 plena
1132 1539 1275 1607 potestate
1287 1533 1379 1604 regia.
1481 1539 1484 1545 '

328 1620 378 1676 Ad
404 1639 492 1693 quem
511 1627 653 1677 venerunt
678 1622 755 1676 infra
779 1622 986 1694 praescriptum
1010 1626 1127 1692 tempus
1145 1621 1209 1675 Rex
1228 1619 1381 1674 Scotorum

328 1712 538 1776 magnatesqne
557 1705 612 1761 sui.
650 1704 707 1774 Qui
732 1712 800 1777 post
824 1706 933 1761 multos
951 1706 1107 1775 variosque
1135 1711 1285 1768 uectatus,
1304 1700 1381 1757 nude

329 1794 361 1843 et
385 1806 458 1859 pure
486 1788 673 1859 subjecerunt
700 1806 731 1844 se
761 1795 792 1845 et
820 1807 947 1859 regnum
975 1788 1081 1844 Scotiae
1110 1789 1202 1858 regias
1226 1785 1379 1843 voluntati.

329 1872 389 1926 Pro
407 1890 466 1944 qua
483 1872 676 1927 submissione
694 1872 882 1938 observando,
903 1873 1061 1937 Johannes,
1076 1873 1139 1926 Rex
1152 1872 1267 1935 Seotiae,
1287 1869 1381 1924 filium

330 1974 419 2011 suum
454 1955 586 2010 obsidem
621 1955 752 2022 tradidit,
781 1956 954 2027 litterasque
980 1956 1114 2022 confecit,
1146 1957 1326 2011 continentes
1351 1954 1382 2007 in

331 2039 445 2095 Gallico
463 2040 541 2094 hunc
562 2046 746 2094 tenorem:-

287 2143 316 2178 ετ.
370 2128 388 2151 “
409 2125 565 2188 lohannes,
586 2123 641 2178 Dei
660 2125 757 2194 gratia
773 2125 835 2178 Rex
855 2124 970 2188 scotia,
993 2124 1127 2180 omnibns
1150 2129 1308 2195 praesentes
1333 2121 1381 2177 lit·
1394 2123 1513 2201 Formo?

287 2196 301 2245 ¹·
333 2212 354 2236 “
372 2214 450 2263 teras
469 2209 577 2262 visuris
595 2208 643 2262 vel
668 2209 822 2273 audituris,
850 2210 984 2264 salutem.
1029 2209 1104 2277 Quia
1121 2226 1183 2272 nos,
1202 2226 1255 2279 per
1272 2206 1382 2261 malum
1395 2189 1504 2267 ¹¹¹?⁸,¹¹b¹

334 2296 354 2323 ‘⁸
373 2293 536 2357 concilim,
568 2293 742 2364 falsumque,
775 2293 1049 2365 simplicitatemque
1082 2299 1220 2355 nostram,
1254 2292 1384 2362 graviter
1396 2271 1508 2307 m¹⁸⁸¹⁰m

336 2380 356 2405 ‘¹
375 2377 547 2432 offendimus
566 2383 597 2432 et
613 2378 835 2448 provocavimus
860 2377 1010 2433 dominnm
1037 2384 1170 2432 nostrum
1196 2375 1381 2439 Edwardum‚

287 2491 301 2541 s·
336 2460 432 2514 “Dei
461 2461 558 2530 gratia
587 2461 699 2531 Regem
728 2461 854 2532 Anglise,
886 2444 1044 2515 Doininum
1079 2461 1239 2523 Hiberniae,
1271 2460 1384 2513 Ducem

337 2548 356 2572 “
375 2545 570 2615 Aquitanniae,
591 2544 729 2600 videlicet
746 2546 777 2599 in
795 2563 829 2599 oo
848 2545 925 2616 quod
952 2547 1108 2600 existentes
1127 2552 1157 2600 et
1176 2550 1325 2598 manentes
1353 2543 1383 2597 in

336 2632 357 2658 ‘¹
376 2630 432 2683 fide
450 2647 504 2685 sna
521 2636 552 2683 ot
569 2646 621 2684 sno
639 2629 785 2699 homagio
799 2618 972 2699 alligavimn
1004 2647 1056 2684 nos
1075 2629 1152 2700 Regi
1171 2629 1311 2692 Franciae,
1332 2628 1383 2698 qui

337 2718 356 2741 “
376 2720 444 2770 tunc
471 2713 563 2768 hostis
591 2712 655 2784 ojus
686 2720 758 2778 orat,
780 2719 810 2768 et
835 2713 929 2776 adhuc
955 2720 1009 2779 est,
1035 2714 1253 2768 matrimonium
1278 2730 1382 2783 procn-

337 2802 471 2851 “rantes
498 2797 560 2851 lieri
586 2815 652 2851 cnm
678 2796 739 2851 filia
763 2796 880 2852 Domini
911 2797 1024 2862 Karoli,
1051 2798 1151 2851 fratris
1182 2797 1263 2866 ejns;
1290 2801 1321 2850 et
1349 2800 1384 2849 ut

336 2887 354 2909 “
374 2881 523 2936 dominnm
548 2889 681 2936 nostrum
708 2899 906 2952 gravaremus,
927 2882 1098 2953 Regemqne
1118 2882 1250 2935 Frarieiae
1264 2880 1382 2951 juvare·

335 2971 354 2994 ‘⁸
373 2984 438 3021 mus
469 2984 536 3020 eum
562 2966 641 3020 omni
670 2971 813 3037 potestate
842 2972 951 3031 nostra,
983 2984 1036 3038 per
1066 2983 1198 3029 werram,
1230 2964 1383 3035 modisque

336 3053 354 3077 ‘⁸
373 3051 448 3104 aliis.
503 3049 615 3103 Deinde
641 3067 694 3121 per
721 3056 854 3104 nostrum
881 3068 1051 3122 perversum
1077 3050 1230 3104 consilinm
1256 3047 1384 3103 antedic-

335 3141 352 3162 “
371 3141 444 3198 tum,
476 3134 671 3190 diffidavimus
705 3135 855 3189 dominum
888 3142 1021 3191 nostrum
1046 3136 1160 3206 Regem
1193 3133 1320 3205 Anglioe,
1355 3138 1385 3187 et

335 3223 353 3245 ‘⁶
372 3219 522 3290 posuimus
539 3237 593 3274 nos
612 3225 694 3273 extra
719 3218 807 3273 fidem
825 3226 855 3274 et
872 3220 1043 3289 homagium
1069 3238 1174 3284 suum;
1194 3224 1225 3273 ct
1248 3219 1384 3273 misimus

335 3307 353 3330 ‘⁶
372 3310 474 3374 gentes
492 3308 606 3357 nostras
624 3304 656 3357 in
673 3308 782 3358 terram
801 3321 884 3357 suam
901 3304 1028 3372 Angliae,
1046 3304 1084 3357 ad
1102 3304 1236 3358 incendia
1253 3300 1385 3357 faciendo

336 3391 354 3415 ‘⁶
373 3395 403 3442 et
418 3386 531 3459 proedas
550 3387 742 3450 abducendos,
762 3387 919 3441 homicidia
937 3388 1041 3442 etalio
1052 3388 1158 3442 damna
1175 3388 1301 3459 plurima
1318 3403 1383 3457 per-

337 3476 355 3497 “
372 3470 528 3542 patranda
548 3477 579 3524 et
596 3476 704 3524 terram
730 3470 845 3535 Scotioe,
867 3490 932 3541 quae
958 3477 1004 3526 ost
1028 3471 1064 3526 de
1090 3472 1174 3525 feodo
1200 3489 1261 3534 suo,
1284 3476 1385 3524 contra

338 3560 355 3582 ·‘
374 3573 441 3610 oum
459 3554 624 3618 muniendo,
645 3560 783 3625 ponentes
811 3560 842 3608 et
859 3555 1041 3610 stabilientes
1069 3562 1171 3626 gentes
1201 3560 1327 3609 armatas
1354 3553 1385 3607 in

339 3644 356 3667 ⁸‘
374 3639 463 3701 villis,
484 3639 598 3702 castris,
622 3645 652 3692 et
669 3638 749 3701 alibi,
764 3638 801 3692 ad
819 3638 1032 3693 defendendum
1049 3646 1158 3695 terram
1182 3638 1300 3693 ¹contva
1317 3655 1384 3692 eum

339 3729 357 3750 ⁴⁶
375 3723 411 3778 de
429 3722 513 3778 feodo
531 3741 602 3788 suo;
622 3740 675 3794 pro
694 3723 801 3793 quibus
819 3724 1102 3793 transgressionibus
1122 3723 1256 3778 dominns
1274 3728 1383 3785 nostor,

341 3813 357 3834 ‘⁶
376 3807 439 3861 Rex
455 3805 572 3878 Angliae
591 3806 763 3870 antedictus,
792 3807 944 3878 ingressus
968 3813 1077 3862 terram
1097 3806 1202 3862 Scotiae
1220 3808 1252 3861 in
1269 3806 1384 3860 fortitu-

341 3896 358 3919 “
376 3890 443 3944 dinc
469 3909 530 3954 sua,
553 3908 617 3945 eam
644 3890 822 3961 conquisivit
840 3897 870 3945 et
899 3891 985 3962 oepit,
1011 3909 1069 3945 non
1094 3890 1226 3945 obstante
1251 3890 1328 3944 omni
1351 3906 1385 3943 eo

340 3980 358 4003 ‘⁸
378 3973 454 4044 quod
472 3975 567 4029 facere
590 3975 740 4046 potuimus
758 3981 859 4029 eontra
884 3992 961 4038 enm,
982 3974 1060 4031 sicut
1083 3980 1180 4047 potest
1197 3973 1317 4043 dejure
1344 3974 1385 4026 fa·

342 4063 359 4085 ⁸⁸
377 4076 451 4122 cero,
471 4064 610 4129 tanquam
629 4057 763 4112 dominus
781 4057 817 4112 de
828 4058 910 4114 feodo
929 4076 1000 4123 suo;
1016 4059 1085 4128 quia
1099 4076 1151 4112 nos
1170 4058 1197 4112 ei
1216 4057 1385 4126 homagium

342 4147 358 4168 ⁸⁶
377 4149 508 4196 nostrum
534 4141 723 4205 reddidimus,
753 4147 783 4195 et
814 4140 955 4197 ²fecimus
981 4141 1169 4196 rebellionem
1199 4140 1383 4196 antedictam.

342 4231 359 4252 ‘⁶'
378 4225 439 4280 Nos
452 4226 544 4295 igitur
556 4227 713 4281 existentes
726 4226 820 4280 adhue
834 4226 864 4280 in
877 4227 964 4298 plena
975 4232 1118 4297 potestate
1130 4231 1238 4290 nostra,
1252 4230 1283 4279 et
1293 4224 1386 4278 libero

342 4313 360 4338 “
378 4311 535 4374 voluntate,
560 4307 727 4365 ⁸reddimus
753 4310 781 4364 ei
811 4317 920 4365 terram
946 4310 1060 4375 Scotiae,
1082 4317 1112 4365 ot
1141 4316 1259 4380 gentem
1283 4315 1384 4372 totam,

342 4396 360 4420 ‘⁶
379 4412 446 4448 eum
465 4394 618 4465 homagiis.
674 4394 710 4451 In
728 4394 812 4465 cujus
831 4396 875 4450 rei
893 4395 1092 4481 testimonium
1110 4395 1232 4450 fecimus
1250 4393 1315 4448 ficri
1332 4393 1386 4470 has

345 4591 539 4600 ———

376 4756 382 4787 ¹
395 4760 503 4805 “coatm
514 4770 574 4816 eum,
585 4761 609 4804 et
618 4753 654 4804 ed
663 4753 760 4805 bladam
775 4771 844 4805 saum
883 4758 990 4818 osiana?
1000 4766 1060 4817 ete.;
1079 4759 1143 4809 New
1154 4758 1258 4822 Rymer.

344 4841 359 4864 “
370 4834 561 4900 deforciandum.
596 4834 702 4899 Propter
712 4850 749 4894 ea,
761 4843 785 4884 et
796 4852 844 4899 pro
916 4840 926 4868 ²
927 4839 1035 4902 fecimus
1044 4836 1098 4888 alio
1108 4837 1239 4901 antedicto,
1250 4837 1352 4903 Bymer.

344 4919 359 4943 ‘¹
371 4912 601 4980 tompressionitas
622 4913 780 4979 supradictis,
802 4914 843 4966 ‹lo-
917 4917 1088 4978 'reddidimus
1099 4919 1203 4983 Bymer.
