3750 6250
266 1343 316 1395 ιιι

266 1418 321 1486 ιιι

723 1081 1109 1136 emmeramensem
1392 1074 1434 1139 35

354 1273 467 1334 ..iacta
506 1272 593 1338 Item,
612 1271 685 1329 dicit
702 1271 837 1343 Rogerus
861 1272 898 1327 de
917 1271 1070 1337 Houdene,
1091 1273 1169 1345 qued
1186 1274 1352 1332 willelmus
1372 1278 1434 1333 Rex
1450 1280 1515 1335 AD.
1530 1289 1600 1337 laet.

383 1357 489 1415 Scene
507 1359 588 1414 venit
605 1357 643 1414 ad
660 1358 810 1412 dominnm
829 1375 915 1412 suum
934 1357 1047 1427 Regem
1065 1358 1254 1414 Hernicum
1246 1379 1277 1415 m
1289 1361 1433 1418 Norman-

380 1443 476 1510 niam;
495 1449 528 1500 et
545 1442 682 1498 similiter
699 1443 770 1498 secit
787 1442 864 1512 Regi
883 1441 1019 1508 Ricardo,
1040 1448 1070 1497 et
1093 1445 1181 1499 etiam
1200 1444 1326 1501 Jcharmi
1344 1447 1431 1518 Regi,

380 1526 457 1599 apud
476 1525 666 1584 Lincclniam.
703 1526 817 1592 Item,
809 1544 841 1581 m
859 1525 1004 1582 Chronica
1024 1525 1124 1581 Sancti
1144 1528 1251 1583 Albani
1274 1532 1430 1601 reperitur,

379 1610 458 1682 quod
489 1608 664 1675 Alexander,
696 1611 759 1665 Rex
791 1609 906 1675 Scotiae,
935 1610 1014 1682 apud
1044 1610 1208 1666 Eboracum
1245 1613 1432 1685 desponsavit

377 1694 576 1766 Μιιιςιιιιιιιιι
603 1695 694 1749 filiam
713 1693 805 1765 Regis
834 1694 968 1760 Homini,
997 1712 1071 1750 anno
1098 1697 1183 1766 regni
1209 1698 1256 1753 sui
1280 1701 1430 1756 tricesimo

377 1780 488 1851 quinto,
502 1784 533 1834 et
545 1779 615 1838 fecit
626 1780 654 1833 ei
665 1780 845 1848 homagium.
884 1779 969 1843 Item,
984 1780 1130 1850 reperitur
1143 1781 1173 1835 iu
1183 1780 1300 1839 charus
1313 1783 1430 1855 Regum

377 1864 493 1921 Sentice.
532 1864 619 1927 Item,
633 1870 784 1935 repertum
796 1864 882 1919 estin
890 1863 987 1918 Bullia
1004 1863 1163 1935 Papalibus
1178 1864 1285 1922 Scotioe
1297 1867 1427 1935 directis,

374 1965 461 2019 reges
480 1947 634 2004 Scotorum
646 1948 909 2003 excommunicatos
927 1948 1029 2013 fnisse,
1044 1948 1114 2019 quia
1134 1949 1292 2009 noluerant
1310 1953 1428 2010 obedire

375 2032 502 2089 dominis
521 2032 593 2097 auis,
613 2031 779 2102 Anglorum
796 2031 928 2101 regibus.

408 2115 655 2173 convenientibus
673 2117 767 2187 igitur
785 2116 863 2186 apud
890 2114 1061 2181 ¹Northam,
1088 2117 1120 2171 in
1138 2117 1244 2173 linibus
1261 2119 1427 2192 Anglornm
1440 2126 1563 2181 Transeo

372 2200 633 2266 renascentiam,
654 2194 1543 2274 RegeAnglornmcumsursperitis,acScctorumfi⁰¹¹⁸³l

372 2285 582 2342 valentioribus
605 2302 673 2339 eum
691 2285 753 2341 suis
772 2283 1019 2355 prudentioribus,
1044 2286 1150 2356 petivit
1174 2287 1236 2341 Rex
1260 2287 1403 2359 Angliae
1395 2310 1446 2344 in
1438 2261 1562 2313 tham

372 2370 485 2442 primis,
504 2377 540 2424 ut
558 2368 637 2424 Secti
655 2368 774 2440 pacifico
791 2369 967 2424 assentirent
984 2387 1045 2424 sura
1058 2369 1232 2425 ordinationi
1244 2389 1331 2467 stipor
1343 2373 1425 2443 Rege
1438 2326 1584 2447 ὲῃέἒῖξῖὴρ

373 2452 496 2519 §cotim
523 2453 698 2525 praesertim,
718 2470 785 2507 cum
810 2452 867 2507 sibi
888 2458 1069 2549 competeret
1092 2454 1204 2508 raticuc
1232 2456 1277 2509 sui
1305 2456 1548 2512 dominiiScottish

371 2538 515 2611 capitalis.
551 2536 631 2592 Secti
648 2555 718 2592 vero
742 2536 963 2608 responderunt,
991 2555 1023 2592 se
1041 2538 1176 2608 ignorare
1196 2540 1273 2609 quod
1292 2540 1359 2595 talis
1378 2561 1425 2596 su·
1438 2528 1537 2580 Cim·

372 2623 526 2693 pericritas
556 2620 633 2692 Regi
656 2621 774 2692 Angliae
799 2628 995 2692 competeret3
1027 2638 1080 2676 nec
1110 2639 1196 2693 posse
1227 2623 1289 2677 sinc
1319 2627 1423 2697 capite,

372 2706 463 2777 Rege,
490 2705 529 2762 ad
558 2706 629 2762 talia
652 2705 837 2776 respondere,
864 2706 911 2760 cui
938 2706 1120 2761 incumberet
1155 2707 1243 2761 talem
1269 2708 1424 2765 denuncia-

371 2792 479 2847 tionem
498 2789 616 2855 andire,
635 2808 689 2846 nec
701 2790 782 2845 aliud
793 2807 966 2861 responsum
978 2790 1157 2861 adpraesens
1177 2790 1283 2846 debere
1301 2794 1433 2861 reddere¹

371 2875 562 2939 metabantur,
584 2881 704 2946 propter
723 2875 933 2945 juramentum,
958 2875 1252 2930 excommunicatione
1272 2878 1422 2947 vallatum,

371 2960 448 3031 quod
478 2965 546 3031 post
576 2965 699 3014 mortem
730 2959 821 3028 Regis
851 2958 1011 3013 Alexandri
1042 2959 1098 3013 sibi
1128 2959 1254 3014 invicem
1285 2963 1423 3019 lecerunt.

372 3043 464 3106 Unde,
484 3042 693 3098 deliberatione
711 3042 826 3106 librata,
847 3042 917 3098 iecit
935 3037 998 3096 Rex
1020 3041 1180 3096 Edwardus
1197 3043 1291 3098 Sectis
1310 3045 1423 3102 litteras

371 3147 437 3184 suas
455 3127 599 3201 patenlas,
628 3128 734 3198 quibus
761 3128 932 3199 recognovit
955 3128 1112 3182 adventum
1139 3126 1293 3184 Scotorum
1316 3132 1346 3184 in
1364 3131 1424 3187 An·

371 3212 462 3283 gliam
474 3212 550 3267 citra
570 3229 675 3282 aquam
688 3210 793 3266 Twede
805 3229 862 3266 non
882 3211 989 3264 debere
1010 3210 1082 3266 alias
1101 3210 1161 3267 illie
1172 3209 1182 3243 ²
1194 3213 1295 3281 urgeri
1308 3214 1338 3267 in
1350 3233 1424 3285 prm·

368 3296 514 3367 judicium
543 3295 652 3350 iterum
681 3295 815 3350 veniendi
845 3296 875 3349 in
902 3294 1050 3365 Angliam.
1101 3295 1172 3350 Post
1198 3295 1269 3360 hmo,
1298 3299 1424 3369 majores

372 3380 477 3436 Sentias
496 3384 527 3435 et
543 3380 669 3450 Anglim,
691 3379 742 3448 qui
762 3379 955 3433 vendicabant
970 3378 1020 3449 jus
1042 3379 1232 3434 successionis
1251 3381 1281 3434 in
1299 3400 1424 3454 regnum

372 3464 487 3529 Scotim,
502 3482 555 3536 por
566 3463 680 3520 litteras
693 3481 761 3519 sues
779 3471 911 3534 patentes
924 3470 1165 3534 recognoverunt,
1188 3482 1219 3519 sc
1231 3465 1308 3520 velle
1321 3475 1422 3538 sponte

370 3549 500 3621 recipere
515 3549 663 3618 justitiam
683 3565 780 3602 coram
799 3548 877 3602 dicto
896 3546 978 3617 Rege
995 3547 1147 3611 Eduardo,
1167 3554 1306 3620 tanquam
1325 3569 1422 3607 coram

371 3633 488 3704 capitali
506 3632 632 3698 domino,
652 3638 683 3687 et
700 3632 817 3688 firmum
843 3638 943 3688 tenere
963 3632 1104 3704 quiequid
1128 3633 1191 3703 ipse
1210 3633 1375 3693 decreverit
1392 3637 1422 3692 in

371 3716 541 3788 praemissis.

403 3799 602 3857 'Litterarum
626 3801 818 3856 Domincrum
836 3801 991 3871 utriusque
1017 3801 1112 3871 regni,
1131 3802 1182 3873 qui
1196 3803 1246 3874 jus
1266 3805 1422 3861 successio·

370 3883 416 3940 nis
434 3885 465 3940 in
484 3883 637 3940 Scotorum
656 3883 817 3939 dominium
834 3884 1080 3939 venfficabautz-

406 3969 426 3998 ‘⁴
445 3967 588 4023 Omnibus
606 3975 764 4040 praesentes
781 3968 934 4022 litteras
907 3968 1015 4022 visuris
1028 3969 1075 4023 vel
1087 3969 1241 4034 audituris,
1256 3971 1421 4029 Florentius
1435 3973 1519 4024 Letter
1530 3977 1560 4025 oi

263 4065 338 4123 aa„1
371 4051 516 4107 ‘Comes
528 4052 692 4114 Holondim
707 4052 851 4107 Rcbertus
864 4050 892 4105 lc
907 4052 984 4106 Brus
1004 4052 1145 4108 Dominus
1158 4053 1253 4108 Vallis
1269 4055 1419 4122 Anandiae,
1434 4040 1573 4092 theclam

263 4137 300 4183 et.
316 4134 390 4197 (in“
410 4135 558 4191 Jchannes
597 4136 633 4191 de
667 4136 792 4191 Balliclo
831 4136 972 4190 Dominus
1010 4135 1169 4201 Galwidim‚
1209 4138 1353 4195 Jchannes
1385 4099 1587 4238 ιιιιὲγῃίῗεεῑξῃέ

263 4200 391 4265 ²⁸¹¹·“)
372 4220 598 4292 “Hastinggys
624 4221 767 4275 Dominus
791 4219 1017 4291 ‘Abergnvcrm
1047 4220 1194 4277 Jchannes
1221 4221 1332 4292 Oomyn
1363 4224 1420 4279 Do·
1433 4239 1494 4304 they
1502 4243 1555 4292 ,ιιι

372 4305 507 4360 “minus
526 4305 562 4358 de
580 4305 755 4369 ‘Radenara
775 4304 922 4358 Patricius
944 4304 980 4358 (le
999 4304 1120 4359 Dunbar
1139 4306 1243 4361 Comes
1269 4306 1418 4373 Marchiae,
1433 4307 1506 4357 abido
1518 4311 1552 4374 by

372 4389 392 4417 “
384 4388 560 4446 ‘Joharmcs
590 4389 627 4445 de
656 4388 850 4454 Vescinae
880 4394 930 4461 pat
931 4389 972 4444 ris
1003 4389 1059 4455 sui,
1091 4389 1230 4445 Nicolaus
1261 4390 1297 4445 de
1323 4390 1408 4447 Sulcs
1411 4373 1564 4493 ,ffgffiffl

405 4687 411 4716 ¹
421 4684 566 4735 Noritamb.
578 4686 605 4735 in
616 4685 658 4735 the
669 4682 768 4749 printed
779 4689 853 4734 texts.
915 4684 944 4734 in
956 4685 1028 4750 orig,
1040 4687 1090 4736 and
1102 4686 1128 4736 in
1140 4687 1182 4737 the
1194 4689 1293 4753 printed
1305 4698 1379 4745 texts.

403 4767 506 4831 'argere
525 4765 554 4815 in
577 4763 650 4829 orig,
677 4765 759 4830 urgeri
782 4763 808 4812 in
828 4763 871 4814 thc
949 4766 1010 4815 ⁴An
1023 4781 1091 4815 error
1103 4768 1141 4815 sor
1152 4767 1342 4836 Abcrqacennoe,
1354 4790 1382 4825 as
1394 4776 1420 4828 iu

375 4843 470 4908 printed
481 4853 555 4895 texts.
917 4841 959 4889 the
971 4841 1069 4905 printed
1080 4849 1154 4894 texts.

404 4924 478 4976 '‘l'he
498 4926 590 4985 words,
608 4921 706 4972 “Erat
727 4929 806 4971 aulem
826 4922 871 4970 iate
951 4921 1013 4970 ‘An
1033 4936 1102 4970 error
1120 4923 1160 4971 for
1179 4923 1308 4976 Badeunw
1325 4929 1419 4993 (Bada.

375 5007 390 5030 “
400 5005 487 5064 teacr,”
499 5021 526 5055 as
535 5003 614 5069 given
624 5002 650 5050 in
663 5001 806 5066 Rishsnger
821 5002 871 5050 aud
918 5001 1006 5066 noch),
1019 5016 1046 5051 as
1056 4999 1083 5050 in
1094 5001 1137 5052 the
1147 5003 1247 5068 printed
1257 5014 1330 5059 texts.

1222 5156 1286 5217 οι

328 5144 333 5149 ¹
377 5079 427 5134 tls,
436 5084 499 5137 Btbl.
512 5085 612 5151 Regia
621 5082 651 5134 a
662 5082 706 5145 ix,
718 5096 760 5132 ara
768 5080 872 5131 omitted
