3750 6250
503 1045 567 1109 236
837 1059 966 1109 monn
988 1060 1223 1111 assanensis

327 1252 396 1305 AD.
411 1262 481 1321 1341,
497 1249 516 1274 “
537 1246 694 1310 mittentes,
722 1244 789 1301 illos
813 1246 935 1301 elericos
960 1251 990 1302 et
1015 1247 1131 1319 publice
1157 1265 1190 1302 sc
1216 1248 1328 1303 notorie
1355 1264 1409 1320 pro
1435 1248 1550 1305 talibus
1563 1253 1639 1306 m

327 1344 426 1408 alleged
497 1333 516 1358 ‘⁸
536 1336 693 1401 reputatos,
714 1331 847 1395 scientes,
867 1338 897 1385 et
914 1338 949 1386 ut
965 1331 1086 1386 elericos
1108 1348 1139 1386 se
1163 1331 1312 1396 habentes,
1342 1332 1394 1401 qui
1421 1333 1550 1388 crimina
1563 1326 1627 1402 ⁵⁵⁵2

326 1410 460 1473 imprison·
497 1418 516 1442 “
536 1432 593 1471 non
610 1415 744 1479 confessi,
772 1432 824 1470 nec
843 1413 879 1468 de
898 1416 1071 1470 criminibus
1095 1417 1222 1470 convicti
1249 1434 1303 1470 nee
1321 1415 1329 1447 ¹
1334 1415 1472 1486 judicati,
1492 1435 1548 1473 nee
1561 1386 1639 1439 Hm

326 1480 437 1596 ἓξὲξ
496 1501 515 1525 “
535 1500 623 1554 ctiam
642 1500 754 1554 notorie
772 1500 803 1552 in
820 1499 993 1553 criminibus
1012 1505 1081 1554 sunt
1098 1499 1282 1570 deprehensi,
1303 1518 1320 1553 a
1339 1499 1459 1554 Canone
1477 1500 1546 1556 lata

427 1561 482 1613 Ἦ·
495 1586 515 1610 “
534 1584 684 1638 sententia
696 1582 983 1648 sasantinae,
1003 1583 1084 1637 nam
1103 1584 1274 1638 sesanam
1293 1584 1324 1637 in
1342 1582 1545 1639 ecclesianos-

494 1670 513 1695 ‘¹
532 1674 579 1723 tra
597 1667 762 1722 Cantuariae
779 1666 1003 1737 publicavimus,
1018 1673 1048 1722 et
1064 1685 1118 1739 per
1135 1685 1235 1721 omnes
1253 1667 1359 1722 fratres
1376 1674 1496 1724 nostros
1514 1676 1544 1725 et

493 1754 513 1778 “
533 1751 737 1822 Suffraganeos
755 1751 917 1806 Provincias
935 1757 1043 1806 nostrae
1062 1752 1228 1807 Cantuarioe
1247 1751 1371 1807 fecimus
1383 1752 1540 1823 publicari.

492 1834 602 1891 “Post
628 1836 712 1905 cujus
740 1834 886 1905 siquidem
912 1836 1063 1890 sententia
1080 1834 1332 1908 'publicationem
1352 1843 1388 1892 ut
1412 1838 1541 1909 praemit·

491 1921 511 1947 “
529 1921 612 1984 titur,
640 1919 756 1983 factam,
785 1919 862 1991 eapti
889 1926 966 1983 sunt,
992 1925 1023 1975 et
1048 1920 1079 1974 in
1104 1919 1231 1974 castellis
1258 1920 1384 1975 diversis
1410 1928 1442 1977 et
1468 1920 1541 1977 locis

491 2006 510 2030 ‘⁶
529 2004 596 2059 aliis
613 2002 731 2073 Angliae
749 2003 779 2057 in
797 2020 927 2057 carceres
953 2003 1046 2067 missi,
1072 2020 1106 2057 ac
1131 2004 1222 2057 invite
1249 2002 1369 2068 detenti,
1390 2003 1539 2061 Johannes

491 2090 510 2114 “
530 2086 566 2142 de
585 2087 691 2142 Sancto
709 2086 810 2149 Paulo,
830 2086 957 2141 Michael
975 2086 1011 2140 de
1023 2086 1120 2150 wath,
1140 2086 1285 2141 Robertus
1298 2086 1334 2140 de
1347 2085 1537 2153 'Chickwell

491 2173 510 2198 “
530 2170 677 2225 Johannes
702 2170 738 2224 de
763 2170 870 2240 Thorp,
897 2176 927 2225 et
952 2170 1099 2225 Henricus
1125 2169 1161 2223 de
1189 2169 1345 2234 Stretsord,
1373 2171 1406 2225 in
1430 2172 1537 2243 praeju-

489 2254 637 2309 “dicium
664 2253 720 2308 Dei
746 2260 776 2307 et
802 2252 915 2308 Sancta
942 2253 1092 2318 Ecclesia,
1110 2254 1159 2308 ⁴et
1176 2260 1275 2308 contra
1299 2254 1380 2325 leges
1399 2272 1434 2310 ac
1453 2256 1537 2310 cleri·

489 2340 508 2364 “
527 2355 628 2393 eorum
657 2336 814 2409 privilegia
846 2338 985 2401 omnium,
1021 2354 1132 2393 necnon
1157 2339 1320 2391 animarum
1349 2338 1470 2393 illorum
1507 2340 1537 2394 in

490 2423 509 2449 ‘⁸
528 2421 692 2492 perieulum
724 2421 775 2490 qni
806 2420 877 2475 talia
902 2421 1120 2484 commiserimt
1152 2421 1307 2476 consilium
1337 2420 1485 2478 dederunt
1507 2430 1537 2480 et

489 2508 508 2532 “
528 2523 689 2559 assensum.
726 2502 822 2572 Quare
835 2504 959 2558 Domino
973 2513 1072 2559 nostro
1084 2504 1170 2575 Regi,
1185 2506 1235 2574 qni
1253 2504 1405 2561 libertates
1422 2507 1535 2563 Sanctae

488 2591 506 2615 “
525 2588 675 2651 Ecclesia,
702 2594 789 2659 prout
815 2587 846 2641 in
869 2588 982 2642 actibus
1008 2589 1069 2642 suis
1095 2587 1237 2643 Dominus
1255 2588 1336 2643 Deus
1354 2591 1534 2661 temporibus

487 2671 633 2741 “elapsis
660 2670 786 2725 feliciter
809 2668 990 2735 monstravit,
1019 2671 1188 2741 clarumque
1214 2672 1325 2736 iecerit,
1353 2679 1384 2728 et
1406 2674 1477 2745 jura
1500 2692 1533 2730 ae

486 2758 505 2781 “
524 2753 681 2826 privilegia
717 2771 831 2825 semper
860 2771 1031 2809 conservare
1064 2755 1178 2809 curavit
1213 2755 1334 2820 illibata,
1369 2774 1530 2822 exoramus,

487 2840 506 2865 ‘⁸
526 2843 670 2908 quatenus
688 2837 832 2892 dictorum
844 2838 1018 2893 clericorum
1029 2845 1060 2892 et
1078 2837 1262 2909 singulorum
1274 2845 1375 2894 eontra
1393 2840 1531 2897 Chartam

485 2924 504 2948 “
523 2921 672 2992 Magnam,
691 2921 773 2992 leges
791 2927 886 2985 terra),
906 2940 940 2976 ac
959 2922 1191 2985 eonsuetudines,
1212 2922 1405 2988 detentorum,
1426 2927 1530 2997 erepti·

485 3008 504 3032 ‘⁶
523 3022 607 3060 onem
625 3024 644 3060 a
661 3022 786 3069 carcere,
806 3006 868 3059 sive
886 3004 1133 3070 deliberationem,
1153 3006 1343 3061 dominationi
1369 3026 1431 3062 suae
1458 3027 1529 3079 pra·

438 3135 440 3139 .
485 3091 620 3161 “cipere
647 3090 761 3162 placeat
786 3089 916 3144 indilate.
955 3089 1104 3160 Rogamus
1128 3091 1247 3162 insuper
1265 3098 1295 3146 et
1311 3090 1482 3148 ⁶hortamur
1500 3094 1529 3149 in

483 3181 503 3205 “
523 3179 647 3233 Domino
665 3195 764 3232 omnes
782 3177 964 3233 consiliarios
982 3178 1049 3232 illos
1076 3179 1127 3248 qui
1148 3178 1219 3233 talia
1236 3180 1437 3234 committendi
1463 3198 1527 3236 eon·

484 3265 502 3289 ‘⁴
522 3263 622 3317 silium
641 3262 765 3317 Domino
783 3261 859 3332 Regi
885 3262 954 3316 dare
975 3268 1232 3333 praesumpserimt,
1252 3262 1455 3319 deliberationi
1480 3265 1527 3320 de·

483 3349 502 3373 “
521 3353 667 3402 tentorum
685 3346 813 3417 praefatae
831 3346 997 3400 nullatenus
1010 3346 1136 3400 obviare.
1175 3345 1368 3401 Dissimulare
1381 3349 1460 3403 enim
1471 3367 1526 3404 non

483 3433 502 3456 “
520 3431 661 3494 valemus,
689 3430 760 3500 quin
786 3447 821 3484 ea
846 3447 911 3500 qum
936 3429 1020 3483 nobis
1051 3430 1229 3494 incumbunt,
1250 3431 1389 3485 faciamus
1416 3433 1447 3486 in
1474 3434 1526 3487 hae

483 3516 502 3539 “
521 3522 612 3583 parte.
651 3515 736 3577 Item,
752 3513 828 3583 quod
846 3531 976 3583 personia
996 3513 1086 3576 laica,
1108 3513 1297 3584 hominesque
1316 3515 1412 3578 liberi,
1427 3524 1525 3571 contra

482 3599 500 3621 “
521 3597 658 3666 Magnam
685 3597 832 3661 Chartam,
855 3597 936 3666 leges
956 3614 988 3650 ac
1007 3605 1092 3650 terrm
1111 3598 1343 3660 eonsuetudines,
1371 3600 1448 3669 capti
1477 3601 1523 3654 nd-

482 3682 500 3705 “
521 3680 635 3749 hucque
655 3682 683 3733 in
702 3698 817 3734 carcere
830 3680 949 3743 detenti,
964 3680 1126 3749 ejiciantur,
1141 3681 1289 3751 libereque
1307 3682 1387 3736 abire
1406 3685 1523 3753 permit

481 3767 500 3789 “
519 3771 634 3828 tantur;
662 3765 857 3834 praedictaqne
884 3764 931 3818 ‘'et
958 3764 1015 3817 alia
1032 3763 1208 3818 ⁷secundum
1234 3767 1356 3819 sormam
1382 3768 1412 3820 in
1438 3768 1524 3820 Brdla

482 3849 500 3873 “
520 3847 680 3901 Innocentii
706 3847 808 3914 Quarti
827 3855 998 3910 contentam,
1027 3863 1185 3917 perquam
1204 3866 1302 3902 omnes
1321 3856 1422 3903 contra
1440 3850 1521 3919 Mag-

481 3934 499 3957 “
519 3949 585 3984 nam
616 3931 753 3984 Chartam
783 3932 882 3984 venire
920 3938 1137 4001 praesumentes,
1170 3950 1221 3986 seu
1258 3933 1338 3986 illam
1369 3934 1520 3997 violantcS,

480 4018 498 4041 ‘⁶
518 4015 690 4069 sententiam
709 4015 1011 4069 excommunicationis
1038 4017 1198 4078 incurrunt,
1226 4016 1367 4070 Dominus
1396 4017 1459 4070 Rex
1477 4036 1520 4071 re·

479 4103 497 4126 “
517 4101 642 4153 formare
660 4099 817 4168 placeatne
830 4099 991 4151 emendare.
1030 4099 1115 4160 Item,
1130 4117 1196 4152 eum
1215 4100 1377 4153 nouaclum
1392 4102 1521 4155 ministri

478 4186 496 4210 ‘⁶
517 4184 563 4237 sui
590 4183 772 4250 diversasque
806 4181 979 4235 conditionis
1006 4181 1151 4244 officiales
1185 4190 1291 4236 terram
1319 4192 1517 4253 peragrantes,

478 4270 496 4294 ‘⁶
516 4268 625 4330 domos,
657 4264 803 4336 grangias,
833 4282 866 4318 ae
891 4265 949 4318 alia
978 4265 1041 4319 loca
1066 4265 1367 4336 Archiepiseoporum‚
1400 4268 1518 4338 Episco-

477 4354 495 4376 “
514 4368 627 4421 porum,
656 4349 860 4419 religiosorum
890 4349 1022 4411 aliorum,
1051 4366 1160 4402 necnon
1187 4350 1318 4403 virorum
1344 4351 1518 4406 eeclesiasti-

477 4436 495 4460 “
515 4452 623 4498 corum,
656 4435 773 4495 intrant,
814 4433 876 4486 sinc
912 4432 1064 4487 custodum
1094 4432 1324 4487 firmariorumve
1356 4436 1514 4501 voluntate,

1238 4618 1250 4621 m
1260 4617 1323 4621 ...-...
1333 4617 1511 4626 ————.

508 4736 515 4764 ¹
527 4736 646 4797 indictati,
658 4740 788 4804 correctly,
801 4739 871 4788 Harl.
885 4745 940 4788 655.
1050 4738 1059 4764 ⁴
1071 4737 1181 4788 Omitted
1190 4739 1217 4787 in
1230 4738 1300 4788 Harl.
1314 4744 1369 4788 655.

505 4813 726 4866 2ώτηιηιειίιίιόνιεηι
751 4820 802 4867 sive
822 4817 966 4882 publicatio-
1049 4819 1209 4879 5ειείῑαπιιιε,
1222 4819 1293 4867 Harl.
1306 4821 1363 4870 655.

475 4910 532 4944 nem.
545 4894 615 4943 Harl.
629 4901 684 4952 055,
1049 4900 1058 4925 '³
1072 4897 1182 4946 Omitted
1194 4897 1219 4945 in
1232 4898 1302 4946 llarl.
1317 4904 1371 4947 055.

506 4978 515 5004 ³
529 4971 663 5038 Chiywelle,
676 4976 747 5025 llari.
760 4982 815 5024 655.
1051 4978 1058 5000 ⁷
1070 4991 1100 5022 ac
1111 4976 1246 5036 sectandum,
1259 4977 1331 5026 llarl.
1347 4984 1402 5029 655.
