3750 6250
657 1106 820 1157 mercum
834 1106 1045 1157 sscmcsrrs.
1314 1092 1376 1156 285

282 1296 304 1346 rl.
368 1294 539 1350 Hestiludia
550 1295 670 1367 insuper
680 1296 736 1351 hoc
754 1311 828 1350 anno
840 1295 998 1350 Londoniis
1011 1294 1088 1349 facta
1101 1299 1177 1358 sunt,
1188 1292 1380 1365 presentibus
1393 1292 1461 1342 Ab.
1475 1295 1546 1349 1357,

334 1378 465 1448 Regibus
482 1378 608 1449 Angliae,
629 1380 769 1444 Francius,
789 1379 903 1444 Scotiae,
923 1386 954 1434 et
970 1379 1055 1450 plebe
1074 1394 1237 1435 numerose.
1392 1382 1501 1475 'fflffi

1395 1483 1497 1527 london.

334 1563 383 1630 Dc
416 1563 652 1630 Pcrlicowotc
683 1564 781 1650 epod
817 1564 1156 1639 Westmcoosterium,
1187 1569 1216 1629 et
1240 1559 1381 1627 Archie-

420 1665 560 1753 piscopo
581 1665 840 1733 Arctocucbcco
862 1665 1067 1753 disceptante
1089 1672 1207 1733 contro
1231 1663 1382 1732 Ordines

423 1767 709 1835 Mendiccotc'cm.

283 1925 312 1977 p,
369 1903 453 1958 Anno
479 1904 584 1974 gratiae
608 1904 765 1960 millesimo
782 1903 986 1959 trecentesimo
1007 1901 1251 1974 quinquagesimo
1269 1906 1380 1964 octavo,
1394 1909 1463 1960 Δ.1),
1478 1915 1548 1962 1350.

335 1988 387 2058 qui
405 1992 450 2042 est
468 2004 560 2042 annus
578 1988 662 2058 regui
683 1988 775 2059 Regis
793 1987 939 2050 Edwardi,
967 2005 985 2042 a
1009 1988 1185 2057 (lonquaestu
1209 1984 1311 2049 Tertii,
1331 1982 1536 2038 tri-Pulmone

335 2070 461 2126 cesimus
480 2069 633 2135 secundus,
653 2071 820 2127 immediate
840 2077 907 2143 post
928 2070 1180 2142 Septuagesimam
1201 2068 1297 2123 tenuit
1320 2067 1383 2121 Rex
1395 2039 1503 2133 iiim:

283 2140 452 2226 ⁰¹''Angliae
479 2153 707 2210 Pcrlicmentum
734 2155 811 2227 opud
832 2154 1141 2219 westmonasterium
1172 2153 1223 2207 ubi
1250 2152 1286 2207 de
1311 2140 1533 2234 rweffi‘fflm

336 2237 519 2293 reformanda
543 2238 620 2293 inter
644 2239 702 2293 duo
726 2256 818 2309 regna
841 2256 972 2310 persaepe
998 2238 1206 2308 colloquentes,
1237 2253 1382 2307 nusquam
1395 2244 1537 2293 mtcpoeoe.

336 2321 555 2378 concordarunt.

283 2447 290 2460 .
371 2404 434 2474 Quo
459 2405 577 2476 quidem
601 2412 740 2477 tempore,
774 2424 881 2476 magna
910 2405 1107 2462 controversia
1133 2422 1231 2460 coram
1261 2403 1381 2459 Summo
1394 2418 1492 2471 cum

283 2466 323 2561 ,iij
335 2489 475 2545 Pontifice
493 2490 570 2544 facts
587 2496 632 2544 cst
648 2490 724 2545 inter
741 2489 920 2561 Magistrum
941 2490 1100 2546 Ricardum
1122 2488 1247 2543 Fir-Rei
1269 2488 1380 2542 Prima·
1393 2469 1544 2563 ffifflff

283 2572 315 2613 'L
334 2580 395 2629 tem
413 2573 572 2638 Hiberniae,
591 2574 808 2628 Armachannm
827 2574 974 2636 videlicet,
995 2581 1025 2629 et
1041 2574 1152 2629 clerum
1173 2570 1532 2642 Angliocnum,1sbnd.be

336 2674 371 2711 cx
396 2675 455 2711 una
482 2665 573 2727 parte,
602 2663 633 2711 ct
659 2664 784 2728 quatuor
808 2657 931 2713 Ordines
958 2658 1189 2713 Mendicantium
1216 2674 1251 2710 ex
1278 2656 1379 2719 altera,
1392 2622 1553 2725 ii'isssii‘g’umt

284 2758 304 2811 1,
336 2758 424 2813 super
448 2746 526 2795 statu
551 2747 581 2796 et
602 2741 707 2811 regula
724 2741 881 2796 eorundem
899 2741 1045 2796 Fratrum.
1090 2739 1147 2809 Qui
1164 2740 1303 2796 videlicet
1325 2738 1380 2793 Ar-
1395 2722 1541 2818 ffifflffi

336 2824 491 2879 machsnus
511 2824 660 2895 opiniones
677 2843 744 2879 suas
763 2842 835 2895 erga
852 2825 971 2879 Fratres
989 2842 1086 2880 coram
1102 2825 1222 2880 Summo
1242 2824 1382 2878 Pontifice

336 2908 387 2963 diu
406 2907 590 2979 ¹pluriesquc
614 2908 763 2973 sustinuit,
790 2914 820 2963 et
848 2908 926 2979 ipsos
947 2909 1100 2963 manifeste
1124 2927 1142 2963 a
1165 2909 1226 2963 suis
1251 2908 1383 2963 deviasse

336 2992 447 3063 regulis
477 2993 578 3048 multis
612 2993 773 3047 rationibus
804 2992 1022 3046 demonstrarit.
1076 2992 1134 3047 Sed
1157 2992 1284 3056 tandem,
1310 2992 1384 3062 proh

336 3076 433 3132 dolor!
460 3076 539 3132 clero
557 3076 720 3147 Anglicano
745 3076 802 3133 sibi
827 3076 1015 3132 subtrahente
1039 3075 1192 3146 promissa,
1227 3081 1258 3131 et
1280 3074 1530 3134 erube-'rhomo

336 3167 418 3216 rante
436 3161 467 3214 in
486 3162 576 3217 Curia
601 3162 739 3216 Fratrum
760 3160 831 3216 sutis
850 3178 957 3229 magna
973 3159 1105 3230 pecunia,
1126 3160 1220 3215 adhuc
1244 3159 1297 3214 lite
1314 3176 1384 3230 pen·
1398 3141 1553 3234 fiffiffl

337 3244 432 3309 dente,
460 3245 578 3302 Fratres
600 3264 654 3301 sus
677 3245 844 3316 privilegia,
871 3245 949 3299 sicut
966 3261 1019 3313 per
1043 3249 1119 3308 ante,
1145 3243 1199 3298 sub
1224 3242 1292 3299 data
1312 3241 1535 3298 novathcirprrvr·

338 3328 534 3386 obtinuerunt.
1399 3291 1465 3344 lm

425 3496 476 3562 Dc
497 3495 642 3562 2Fratre
662 3495 823 3563 Jcbcoce
845 3495 928 3574 Isile,
951 3495 1119 3582 Episcopo
1141 3494 1288 3562 Elicosc'.

372 3630 483 3686 Eodem
514 3648 597 3697 anno,
632 3631 736 3685 Frater
769 3629 917 3685 Johunnes
949 3630 1023 3695 Lilc,
1055 3631 1182 3687 Eliensis
1212 3632 1384 3703 Episcopus,
1399 3651 1541 3704 mosshop

337 3715 424 3770 nimis
443 3715 552 3787 injuste
573 3714 712 3785 fatigatus
729 3731 803 3768 anno
821 3714 951 3785 proximo
969 3714 1077 3786 elapso,
1095 3716 1386 3772 contravoluntatem
1398 3703 1554 3796 fflffyffiffl

335 3798 452 3854 Domini
473 3799 564 3870 Regis
589 3799 627 3853 ad
651 3798 770 3853 Curiam
789 3798 1008 3864 transfretavit;
1040 3800 1255 3872 propositisque
1289 3802 1385 3856 causis
1398 3765 1507 3854 choium

337 3882 445 3937 ibidem
466 3883 502 3938 de
522 3883 639 3953 injuriis
660 3882 716 3937 sibi
737 3882 827 3938 illatis
849 3889 879 3938 et
902 3901 962 3938 suae
982 3883 1122 3950 ecclesiae,
1154 3903 1206 3957 per
1228 3887 1385 3941 Dominam
1398 3853 1554 3947 ffiuiiliirih

337 3967 488 4023 Blanciam
512 3967 548 4021 de
571 3967 663 4022 Wuke
688 3973 718 4022 et
741 3967 870 4022 aliosde
897 3969 1019 4024 consilio
1046 3988 1107 4035 suo,
1137 3989 1236 4026 coram
1260 3972 1385 4026 Domino
1398 3956 1426 3997 ‘¹⁰
1463 3955 1512 3997 ὼ·

337 4050 426 4124 Papo,
447 4058 543 4107 motus
563 4059 608 4107 est
632 4051 708 4106 idem
729 4051 810 4122 Papa
828 4051 1024 4118 vehementer,
1046 4060 1076 4109 et
1094 4072 1192 4111 omnes
1206 4056 1386 4111 adversarios

337 4134 409 4190 dicti
421 4135 558 4206 Episcopi
571 4135 640 4190 fecit
657 4135 900 4190 excommunicari
918 4136 1044 4207 publico,
1058 4138 1197 4194 msndsns
1209 4157 1262 4210 per
1274 4139 1386 4194 litteras

338 4237 406 4275 suas
436 4219 560 4274 Domino
591 4219 717 4274 Johanui
753 4219 950 4274 Lincolniensi
977 4220 1131 4293 Episcopo,
1161 4228 1191 4277 et
1220 4223 1287 4277 aliis
1323 4224 1386 4293 qui·

337 4303 460 4359 busdam
484 4304 612 4375 praelatis
630 4302 756 4374 Angliae,
776 4310 810 4359 ut
828 4304 943 4375 siquos
961 4306 1096 4360 noverint
1113 4305 1257 4361 dictorum
1275 4322 1387 4360 excom·

337 4388 551 4443 manicatorum
574 4394 704 4442 mortuos
736 4393 766 4442 et
797 4388 936 4459 sepultos,
964 4406 982 4443 a
1012 4388 1154 4460 sepulcris
1182 4389 1385 4456 extraherent3

339 4472 417 4543 quod
440 4479 471 4528 et
494 4473 602 4527 factum
626 4477 680 4526 est.
729 4471 813 4527 Unde
843 4472 907 4527 Rex
935 4471 1114 4543 indignatus,
1147 4472 1216 4542 quia
1243 4473 1448 4542 dictorummn
1472 4498 1516 4543 gd.

338 4557 651 4612 excommunicatorum
672 4555 790 4626 quidam
810 4562 893 4611 crant
911 4555 948 4610 de
968 4555 1096 4611 Oonsilio
1115 4573 1177 4620 suo,
1197 4556 1289 4613 dictos
1313 4575 1386 4630 prse-
1400 4561 1436 4592 '⁸
1472 4551 1491 4593 ¹⁸

338 4639 413 4696 latos
443 4641 573 4712 graviter
602 4640 766 4696 infestabat.
816 4638 880 4709 Qua
909 4640 945 4694 de
975 4657 1063 4695 causa
1092 4646 1235 4695 venerunt
1269 4642 1387 4712 quidem
1400 4600 1545 4703 iiii‘iepdeiy

338 4724 422 4780 mss
451 4725 488 4780 se
518 4724 608 4780 curu
634 4723 764 4779 nomana
794 4740 828 4777 ex
857 4729 941 4794 pare
977 4723 1048 4778 eres
1083 4723 1220 4794 Episcopi
1250 4723 1385 4790 usensis,
1399 4701 1503 4795 3222,

374 4969 382 5000 ¹
388 4968 474 5037 plures
482 4969 589 5036 inorig,
599 4971 649 5022 and
655 4969 683 5020 in
692 4969 736 5021 the
745 4968 844 5033 printed
920 4967 1009 5032 ’sacto
1019 4967 1046 5020 in
1058 4968 1142 5037 crim
1159 4971 1195 5037 by
1205 4968 1386 5026 iusdvcrtem

343 5057 417 5100 texts.
