3750 6250
666 1095 1054 1147 numerisrumeris.
1323 1084 1388 1147 339

199 1273 306 1332 &Bibl.
338 1282 511 1352 sopirentur,
531 1283 655 1353 probans
680 1299 733 1353 per
750 1281 844 1338 multa
867 1288 1041 1353 argumenta
1057 1282 1259 1352 hujuscemodi
1277 1281 1388 1337 dissen-
1401 1274 1470 1328 AD·
1483 1280 1553 1328 1377-

199 1357 233 1419 eg.
249 1349 280 1394 13

210 1422 249 1462 ιι.

338 1367 433 1422 siones
446 1367 508 1421 Deo
520 1368 681 1439 plurimum
692 1366 855 1438 displicere.
888 1366 1033 1422 Hortatur
1046 1373 1092 1423 est
1103 1367 1223 1437 insuper
1236 1366 1387 1431 Dominos,

337 1468 374 1505 ne
398 1452 486 1507 tantis
505 1452 541 1507 de
565 1458 671 1507 caetero
692 1451 771 1507 ¹sine
789 1470 878 1507 causa
900 1453 1095 1508 taxationibus
1119 1452 1259 1524 populum
1283 1450 1390 1523 'appo-

337 1536 455 1591 rinrent.
492 1536 608 1591 Monuit
631 1537 729 1600 etiam,
749 1544 784 1591 ut
807 1537 832 1592 si
857 1554 946 1592 causa
963 1536 1097 1593 subesset
1120 1536 1390 1606 rationabilisque

337 1627 483 1691 oporteret
507 1638 556 1676 eos
583 1622 698 1676 omnino
720 1621 825 1692 juvare
843 1620 956 1691 Regem
981 1627 1012 1677 et
1028 1638 1162 1692 regnum,
1182 1626 1216 1675 ut
1233 1622 1386 1691 patienter,

337 1710 368 1759 ct
402 1705 465 1759 sinc
500 1723 650 1760 murmure
680 1711 768 1777 atque
798 1705 949 1761 seditionis
980 1705 1126 1777 scrupulo,
1146 1705 1275 1759 facerent
1309 1705 1388 1775 quod

337 1793 491 1860 oporteret.
541 1790 675 1861 Insuper,
707 1790 875 1845 exhortatur
909 1807 958 1844 eos
989 1790 1174 1859 generaliter,
1212 1790 1264 1860 qui
1299 1789 1385 1859 Regi,

338 1890 428 1945 puero
445 1881 476 1929 et
492 1874 647 1939 innocenti,
667 1874 856 1938 adhererent,
876 1882 910 1929 ut
930 1873 1040 1928 relictis
1058 1874 1139 1929 vitiis
1165 1873 1271 1945 quibus
1297 1874 1387 1928 inser-
1459 1896 1461 1902 ·
1509 1891 1511 1895 ’

338 1957 463 2022 viebcnt,
489 1957 627 2014 videlicet
653 1959 764 2029 stupris
789 1959 820 2013 in
847 1957 1086 2012 fornicationibus
1115 1954 1192 2029 ³[et]
1221 1957 1383 2022 adulteriis,

337 2042 401 2111 ejus
418 2042 539 2113 puritati
563 2049 593 2097 et
611 2043 782 2097 innocentia
800 2059 831 2098 se
853 2042 1032 2096 conformare
1058 2041 1225 2106 studerent;
1253 2060 1385 2096 asserens

337 2126 390 2180 hoo
403 2127 518 2181 omuino
529 2129 607 2198 patri
624 2127 727 2199 patria
740 2132 943 2198 opportunum,
963 2126 1159 2197 perfacileque
1171 2126 1247 2197 Regi
1266 2144 1283 2179 a
1305 2133 1385 2181 recto

337 2210 462 2275 deviare,
482 2229 606 2282 regnum
625 2218 655 2266 et
672 2211 813 2282 populum
830 2210 1001 2282 periclitari,
1022 2210 1048 2264 si
1066 2210 1139 2264 tales
1159 2216 1264 2274 essent,
1286 2212 1336 2280 qui
1358 2212 1386 2265 ei

337 2294 437 2348 sedulo
450 2301 480 2349 et
497 2296 561 2365 ejus
580 2294 701 2350 oonsilio
713 2295 922 2350 ministrarent.
962 2293 1101 2350 Sermone
1120 2294 1211 2360 finito,
1225 2294 1343 2350 Domini
1356 2302 1386 2353 et

336 2379 466 2434 universi
485 2378 605 2435 Proelati
624 2380 661 2434 ad
680 2397 734 2435 sua
751 2378 899 2434 secedunt.

370 2463 441 2518 Post
464 2481 571 2534 paucos
598 2463 670 2526 dies,
697 2462 799 2520 videns
830 2462 906 2527 Dux,
935 2463 998 2534 jam
1028 2468 1142 2519 mortuo
1171 2471 1255 2535 patro
1279 2482 1333 2520 suo
1356 2471 1544 2530 etrhenuke

334 2565 409 2603 novo
433 2547 515 2619 Rege
534 2549 701 2614 constituto,
727 2553 832 2603 cuncta
849 2565 925 2603 nova
943 2548 974 2601 in
998 2566 1090 2619 regno
1114 2549 1222 2612 sutura,
1249 2554 1279 2604 et
1303 2568 1385 2605 suam
1398 2544 1508 2595 Osm-

335 2632 560 2689 sollioitudinem
581 2634 710 2689 totaliter
730 2630 853 2703 ⁴[inter]
884 2633 1016 2687 novellos
1041 2633 1322 2705 parvipendendam
1355 2618 1485 2729 etssffis

334 2724 466 2773 metuens
492 2718 518 2772 si
544 2718 644 2789 aliqua
662 2718 782 2773 sinistra
800 2718 1004 2788 contingerent
1029 2718 1105 2789 Regi
1132 2719 1181 2774 vel
1201 2736 1301 2789 regno,
1327 2720 1553 2799 sibifmmfflm

333 2802 576 2875 ‘imputarentun
599 2808 629 2859 et
649 2820 702 2873 pro
723 2802 806 2857 bonis
827 2808 926 2871 grates
943 2802 1038 2856 nullas
1061 2804 1123 2859 sive
1139 2803 1268 2858 modicas
1286 2821 1385 2875 repor-

334 2892 419 2951 taret,
446 2894 564 2958 aecepta
588 2904 606 2940 a
635 2886 718 2956 Rege
738 2886 865 2949 lieentia,
897 2886 934 2940 ad
965 2903 1019 2940 sua
1042 2886 1186 2952 discessit,
1211 2889 1384 2958 promittens

335 2970 420 3040 Regi,
440 2972 466 3026 si
486 2972 631 3042 indigeret
655 2971 719 3043 ejus
743 2970 899 3040 adjutorio,
921 2988 952 3025 se
971 2976 1128 3026 venturum
1146 2990 1213 3027 cum
1237 2972 1383 3027 abundan-

335 3056 402 3109 tiori
427 3062 566 3127 apparatu
593 3073 680 3128 quam
701 3055 808 3126 aliquis
827 3053 970 3111 Dominus
995 3055 1121 3127 Angliae,
1151 3057 1189 3112 ad
1214 3075 1383 3113 succurren-

335 3140 404 3194 dum
423 3141 488 3205 sibi,
509 3142 571 3196 sive
590 3140 670 3195 aliud
688 3140 862 3205 faciendum,
890 3141 969 3212 quod
995 3141 1059 3211 ejus
1085 3143 1235 3198 commodo
1256 3144 1381 3208 cederet,

334 3225 381 3280 vel
400 3225 510 3280 honori.
548 3225 684 3289 Erubuit,
698 3232 732 3280 ut
743 3224 903 3290 dicebatur,
922 3232 953 3280 et
969 3224 1072 3290 doluit,
1091 3227 1169 3298 quod
1187 3227 1249 3282 Rex
1267 3235 1385 3299 ceperat

334 3310 370 3364 de
398 3328 432 3365 eo
457 3316 586 3366 casuum
612 3309 789 3374 Herfordiae,
816 3310 866 3365 ubi
893 3316 1085 3381 proposuerat
1108 3312 1233 3368 maxime
1251 3321 1382 3368 moratus

335 3396 443 3460 luisse;
472 3400 503 3449 et
527 3395 564 3448 ob
581 3395 636 3449 hoc
661 3395 835 3449 meremium
853 3394 1087 3452 emendicaverat
1111 3397 1149 3451 ad
1167 3397 1382 3453 fortificandum

334 3479 486 3533 castellum
504 3479 540 3533 de
558 3478 637 3533 ‘suis
655 3479 761 3533 vicinis
786 3479 1003 3551 possessoribus
1028 3481 1059 3535 in
1084 3481 1210 3536 circuitu
1237 3482 1319 3553 ejus;
1345 3482 1383 3537 ad

333 3581 469 3633 magnam
494 3564 623 3634 profecto
645 3564 791 3634 jacturam
823 3563 990 3628 eorundem,
1026 3565 1061 3619 de
1087 3567 1193 3636 quibus
1218 3567 1289 3621 talia
1317 3586 1382 3638 pos·

333 3647 486 3711 tulaverat,
508 3649 577 3719 quia
593 3665 652 3703 non
669 3647 815 3703 audebant
839 3649 903 3719 ejus
922 3649 1066 3705 voluntati
1084 3651 1237 3715 contraire,
1257 3670 1291 3706 eo
1309 3671 1383 3724 pra·

333 3732 417 3803 cipue
435 3740 564 3804 tempore
583 3750 640 3803 quo
657 3732 908 3803 taliapostulavit.
947 3733 1080 3789 Recessit
1092 3752 1172 3806 ergo,
1192 3742 1226 3790 ut
1244 3737 1380 3801 diximus,

333 3835 351 3870 a
372 3815 462 3871 Curia
482 3816 520 3871 ad
539 3822 668 3871 casuum
686 3814 819 3886 ⁷[suum]
840 3816 876 3871 de
889 3816 1122 3888 Kylyngworth5
1143 3820 1274 3876 sedante
1288 3839 1382 3877 reces-

333 3919 399 3955 sum
418 3898 563 3970 ⁸[suum],
577 3900 640 3971 ejus
659 3901 844 3956 conniventia
862 3900 988 3956 ordinati
1010 3908 1086 3968 sunt,
1107 3904 1159 3975 qui
1180 3904 1272 3978 Regis
1290 3907 1382 3962 haere·
1395 3926 1451 3976 Th,
1466 3927 1549 3994 Royal

334 3991 399 4041 rent
416 3984 554 4051 Consilio,
574 3991 605 4040 et
622 3985 673 4056 qui
693 3985 904 4055 quodammodo
921 3986 1044 4042 tutelam
1060 3988 1208 4046 baberent.
1248 3990 1381 4047 Ordinati
1396 3993 1504 4044 Couneil

334 4076 402 4125 sunt
430 4075 528 4125 autem
557 4070 595 4125 ad
619 4069 782 4125 Consilium
812 4070 869 4124 viri
896 4069 974 4135 boni,
1007 4072 1174 4142 prudentes,
1206 4082 1236 4131 et
1265 4077 1379 4141 famosi,
1394 4060 1504 4112 “lew

333 4154 474 4209 Dominus
498 4153 664 4210 Willelmus
683 4153 719 4209 de
739 4154 903 4226 courtenay
921 4156 1083 4228 Episcopus
1103 4158 1322 4225 Londonieusis,
1352 4126 1503 4242 etfflffugh

333 4238 475 4296 Dominus
493 4238 665 4293 Edmundus
680 4239 715 4294 de
728 4239 845 4296 Mortuo
856 4240 933 4296 Mari
947 4239 1052 4298 Comes
1064 4243 1213 4309 Marchiae,
1233 4251 1264 4300 et
1281 4263 1380 4315 quom.
1442 4210 1546 4262 agency.

366 4491 372 4519 ¹
386 4489 468 4539 These
479 4496 529 4540 tuo
537 4492 619 4540 words
627 4492 795 4553 arerepcated
806 4489 832 4540 in
853 4496 857 4569 Ι
911 4495 920 4521 ⁰
931 4492 1015 4543 Tbese
1026 4499 1076 4544 two
1083 4495 1164 4544 words
1175 4509 1217 4544 are
1229 4494 1343 4559 supplied
1352 4495 1379 4545 in

332 4570 403 4634 orig,
420 4571 484 4619 aiter
500 4571 673 4634 apportarent,
690 4584 718 4618 as
735 4569 788 4619 also
805 4569 833 4618 in
877 4587 893 4620 a
904 4572 968 4621 later
982 4573 1057 4622 hand
1091 4573 1174 4623 There
1191 4572 1214 4622 is
1230 4589 1263 4623 an
1281 4590 1380 4625 erasure

332 4649 398 4699 Bibl.
412 4649 474 4715 Reg.
490 4655 519 4698 13
532 4650 561 4699 E.
571 4649 606 4700 ix.
877 4650 904 4698 in
914 4651 981 4700 Bibl.
995 4651 1058 4716 Reg.
1074 4652 1141 4701 1311.
1152 4652 1198 4712 ix,
1207 4653 1379 4704 andsilccram

364 4731 374 4758 ²
385 4737 512 4778 onerarent
522 4729 549 4778 in
562 4729 604 4778 the
615 4728 715 4793 printed
727 4735 799 4779 toxa
873 4729 1052 4794 possessoribus
1063 4730 1090 4779 in
1102 4747 1117 4780 a
1128 4732 1244 4783 different
1254 4733 1328 4785 hand.

365 4808 583 4873 'Suppliedr‘rom
593 4809 832 4873 tbeprintedtexts;
911 4809 1053 4872 'supplied
1075 4811 1140 4861 from
1160 4811 1229 4864 Bibl.
1256 4815 1319 4880 Reg.
1347 4823 1377 4868 13

332 4897 375 4937 not
387 4889 413 4936 in
425 4888 492 4937 Bibl.
504 4888 568 4952 neg.
583 4893 613 4936 13
625 4887 655 4950 E,
668 4889 704 4938 ix.
878 4887 907 4935 ll.
920 4886 956 4936 ix.
969 4889 1019 4936 and
1030 4888 1073 4938 the
1083 4889 1183 4953 printed
1197 4897 1272 4944 texts.

365 4970 374 4997 ⁴
387 4967 507 5030 Supplied
519 4967 583 5015 from
596 4966 638 5016 the
648 4967 748 5030 printed
760 4972 833 5015 texts.
912 4967 1048 5031 “supplied
1060 4969 1124 5018 fmm
1135 4970 1202 5022 Bibl.
1214 4974 1277 5040 Reg.
1300 4981 1329 5025 ia
1348 4977 1377 5025 li.

366 5049 530 5110 5ριιτανιιιιιιν
541 5045 567 5093 in
581 5046 623 5094 the
637 5045 734 5108 printed
743 5051 817 5095 texts.
879 5047 915 5096 ix.
949 5047 1062 5098 Omitted
1073 5049 1100 5098 in
1112 5050 1155 5100 the
1162 5052 1262 5116 printed
1270 5062 1343 5105 texts.

1180 5137 1245 5196 r2
