3750 6250
487 1091 551 1152 212
819 1099 950 1150 ruoun
972 1097 1205 1149 usasruonsu

320 1307 387 1358 An
402 1312 473 1360 1339
487 1297 584 1358 “,tur
595 1292 761 1349 vicariatus
774 1291 899 1346 officium
913 1307 966 1361 per
977 1289 1279 1346 totamrilomanmam
1291 1293 1322 1344 et
1333 1285 1531 1349 Germaniam
1542 1289 1627 1346 mn

488 1383 560 1433 “ac
584 1377 735 1432 universas
753 1383 784 1430 et
801 1376 932 1445 singulas
957 1392 1058 1430 eorum
1081 1373 1257 1446 provincias,
1282 1373 1346 1428 sire
1368 1377 1479 1444 portes,
1497 1365 1591 1424 otest

488 1467 506 1490 ¹¹
526 1461 627 1516 eodem
642 1461 800 1526 Ludovieo,
820 1460 875 1515 sub
893 1459 1054 1531 imperialis
1071 1458 1197 1513 nominis
1214 1458 1311 1523 titulo,
1330 1465 1365 1511 ut
1382 1455 1532 1518 asseritur,
1543 1423 1627 1544 {pff

488 1550 506 1574 ‘¹
527 1546 681 1617 suscepisti
701 1545 737 1600 do
755 1545 848 1610 factm
867 1562 934 1600 cum
953 1544 1016 1615 ipse
1033 1543 1200 1598 Ludovieus
1217 1560 1271 1598 nec
1288 1541 1351 1598 Bex
1368 1557 1424 1596 neo
1438 1539 1534 1612 Impe-
1542 1559 1619 1626 ¹³5³

488 1634 606 1686 “rator
626 1631 673 1694 sit,
694 1636 727 1684 ιιι
747 1629 910 1701 prefertur
949 1629 1043 1697 Cujus
1062 1635 1215 1699 prmtextu,
1239 1626 1388 1682 nonnullis
1405 1623 1534 1697 prelatis

488 1718 508 1742 ‘⁸
528 1715 717 1771 ecclesiarum
753 1721 784 1768 et
816 1713 949 1785 personis
983 1712 1227 1768 ecclesiasticis'
1219 1730 1250 1766 m
1285 1711 1374 1768 terris
1413 1707 1534 1780 Imperii

489 1803 507 1826 ‘¹
527 1799 704 1864 constitutis,
725 1817 758 1852 uc
776 1797 808 1852 iu
825 1804 925 1853 nostra
942 1802 973 1852 et
990 1797 1131 1851 Ecclesiru
1144 1802 1311 1851 memoratus
1328 1795 1486 1850 devotione
1502 1809 1535 1846 ac

490 1891 508 1909 '¹
528 1883 668 1938 fidelitate
695 1881 802 1936 debitis
829 1881 1064 1952 persistentibus,
1096 1880 1151 1936 sub
1181 1880 1275 1952 poenis
1304 1877 1457 1950 gravibus,
1485 1893 1536 1948 per

491 1971 508 1993 ¹¹
529 1975 594 2021 tuas
613 1966 656 2022 eis
674 1967 788 2023 litteras
806 1965 999 2029 comminatis,
1018 1963 1172 2019 mandasse
1189 1963 1306 2028 diceris,
1325 1969 1357 2019 et
1373 1962 1536 2018 districtius

490 2057 508 2077 ¹·
529 2051 699 2122 injunxisse,
718 2058 752 2105 ut
770 2049 806 2104 ad
824 2056 863 2113 te,
883 2057 1023 2119 tanquam
1041 2048 1173 2119 ejusdem
1191 2047 1333 2103 Ludovici
1350 2047 1383 2102 in
1400 2045 1535 2102 Alaman-

491 2145 508 2161 ··
528 2135 578 2189 ιιὶι
612 2140 642 2189 ct
672 2133 836 2196 Germania,
868 2140 899 2188 et
933 2133 1064 2204 partibus
1099 2131 1284 2203 supradictis,
1320 2130 1484 2193 Vicarium,
1508 2137 1537 2184 et

491 2229 508 2244 '¹
529 2219 657 2273 audituri
674 2218 883 2273 seutentiomm
898 2225 929 2272 et
939 2217 1120 2287 judiciorum
1135 2217 1228 2287 ipsius
1242 2214 1395 2276 badonici,
1408 2220 1537 2269 tuorum·

490 2307 508 2329 ⁴·
529 2319 585 2372 que
598 2302 809 2364 mandatorum,
823 2300 1038 2365 rectitudinem,
1053 2318 1087 2355 ac
1098 2300 1260 2372 praestituri
1271 2299 1367 2360 eidem
1379 2297 1535 2359 Ludorioo,

491 2389 509 2411 “
529 2385 576 2439 vel
603 2385 657 2439 tibi
685 2384 766 2456 ¹ejus
796 2385 920 2444 nomine,
952 2385 1175 2456 recognitiones,
1206 2383 1344 2453 homagia
1373 2382 1410 2437 de
1440 2380 1536 2445 terris,

491 2473 509 2494 ¹‘
529 2469 622 2532 bouis,
643 2477 673 2523 et
687 2468 813 2538 juribus,
843 2486 908 2537 qum
928 2475 1027 2524 teuent
1044 2468 1081 2522 ab
1100 2467 1237 2538 Imperio,
1259 2467 1456 2522 convenirent.
1494 2463 1536 2519 De

491 2557 509 2578 ¹⁶
529 2559 558 2606 te
573 2552 675 2622 igitur,
690 2552 741 2612 fili,
755 2552 805 2605 ubi
819 2552 858 2607 sit
872 2559 924 2606 tua
935 2560 1110 2622 tuorumque
1126 2551 1358 2606 consiliariorum
1374 2549 1536 2622 prudentis,

491 2639 509 2661 ‘⁶
530 2652 565 2688 ex
591 2633 643 2688 Ξιο
667 2635 830 2705 praesertim
856 2652 914 2689 uon
942 2636 1100 2690 sufficimus
1127 2634 1275 2698 admirari,
1296 2633 1374 2705 quod
1400 2651 1469 2689 eum
1494 2639 1535 2692 tu.

491 2721 509 2744 ‘⁶
530 2718 607 2772 sicut
633 2718 808 2781 audirimus,
837 2735 890 2789 pro
916 2718 1036 2773 illorum
1065 2719 1237 2791 repetitione
1264 2717 1378 2790 jurium
1409 2733 1477 2788 quse
1502 2713 1536 2770 ad

491 2806 509 2828 ‘⁶
529 2809 558 2856 te
576 2802 683 2856 asseris
708 2803 863 2873 pertinere,
891 2820 949 2856 uon
976 2804 1038 2856 sine
1066 2803 1222 2874 grandium
1247 2819 1439 2873 personarum
1462 2799 1536 2872 pnti-

491 2891 508 2912 “
529 2885 613 2948 culis,
633 2903 667 2940 ac
685 2903 877 2957 expensurum
890 2892 920 2940 et
932 2893 1103 2957 sumptuum
1121 2885 1281 2958 profluviis,
1301 2885 1485 2956 peregrinari
1502 2881 1537 2940 ad

491 2975 627 3040 “partes
652 2969 833 3024 Alamannici
858 2970 1017 3034 curaveris,
1043 2977 1074 3025 et
1096 2970 1205 3025 multos
1236 2987 1324 3040 super
1353 2969 1410 3024 hoc
1435 2968 1537 3024 leceris

491 3057 509 3080 “
529 3059 695 3126 apparatus,
715 3072 791 3109 nuuc
817 3055 923 3126 spretis
951 3054 1083 3126 ejusdem
1102 3054 1324 3126 predecessoris
1342 3053 1537 3125 processibus,

491 3142 510 3165 ‘⁴
530 3146 560 3194 et
577 3140 710 3194 deductis
729 3138 934 3193 damnabiliter
958 3140 989 3193 iu
1012 3145 1209 3210 contemptum
1226 3138 1321 3209 pomis
1340 3145 1371 3193 et
1388 3138 1538 3193 sententiis

491 3226 510 3248 “
530 3222 716 3295 supradictis,
740 3222 847 3293 quibus
872 3230 902 3277 te
925 3223 1089 3285 manifeste,
1116 3223 1142 3277 si
1169 3240 1235 3293 quar
1260 3222 1344 3277 nobis
1372 3222 1538 3277 referuntur

492 3310 510 3334 ‘⁴
530 3324 601 3361 vera
618 3307 685 3371 siut,
705 3322 762 3359 nou
781 3306 890 3376 absquo
908 3305 1054 3360 horrenda
1070 3312 1147 3370 uota,
1168 3323 1233 3376 quae
1250 3324 1308 3361 nou
1325 3322 1430 3377 parum
1442 3305 1537 3359 oblus-

492 3394 510 3415 “
530 3398 577 3445 eat
606 3390 649 3445 tui
687 3389 848 3445 claritatem
880 3390 1006 3460 generis,
1039 3388 1230 3460 proculdubio
1264 3389 1451 3460 'implicasti
1500 3388 1538 3443 Et

492 3478 510 3500 ‘⁴
531 3475 730 3531 nihilomiuus.
759 3475 892 3545 quumvis
923 3492 975 3528 nos
1003 3483 1032 3528 te
1058 3492 1208 3545 nunquam
1238 3474 1455 3537 offenderimus,
1485 3491 1536 3529 nec

492 3563 510 3584 ‘⁴
531 3569 631 3612 cont-ru
643 3566 671 3613 te
690 3558 801 3629 aliquid
820 3559 991 3622 seeeriruus;
1019 3576 1184 3629 quanquam
1203 3566 1233 3612 et
1251 3558 1448 3613 intelleximus
1466 3559 1537 3614 falso

493 3648 510 3666 ‘⁴
531 3647 561 3694 et
579 3643 756 3696 merulus-iter·
775 3650 949 3711 suggestmu
975 3642 1027 3696 tibi
1049 3660 1102 3713 per
1127 3660 1176 3697 eos
1203 3643 1253 3713 qui
1280 3649 1318 3705 te,
1347 3643 1482 3705 salutem,
1510 3650 1538 3696 et

493 3729 510 3749 ‘¹
532 3725 668 3778 honorem
688 3734 770 3779 ιιιιιιιι
797 3726 916 3779 minime
943 3726 1080 3795 diligunt,
1101 3726 1200 3783 luerit.
1222 3726 1299 3796 quod
1316 3744 1369 3780 nos
1388 3726 1538 3782 carissimo

494 3812 511 3832 ‘·
534 3809 561 3860 iu
587 3809 713 3872 Christo,
735 3810 795 3863 filio
819 3818 919 3865 nostro
944 3809 1090 3881 Philippo,
1117 3810 1195 3879 Regi
1219 3810 1350 3864 Francis
1369 3810 1490 3873 illustri,
1508 3810 1538 3863 in

493 3892 671 3945 “auxilium
700 3911 814 3961 gererem
843 3912 912 3955 sirac,
943 3894 1091 3961 ingentem
1122 3893 1253 3964 pecuuiae
1284 3895 1478 3963 quantitatem
1503 3892 1538 3947 de

494 3978 512 3999 ‘·
532 3984 631 4028 nostru
669 3993 785 4029 eumeru
820 3974 1012 4041 ⁴dederimus,
1054 3977 1189 4047 quodque
1227 3977 1443 4032 institutionem
1476 3995 1538 4050 per·

493 4066 511 4086 ‘⁶
532 4077 667 4113 sonarum
686 4060 949 4114 ecelesiasticorum
975 4080 1211 4116 concesseramus
1238 4062 1334 4116 eidem
1353 4062 1385 4116 in
1403 4064 1535 4118 omuibus

493 4148 511 4169 “
531 4143 663 4199 ecclesiis
682 4143 764 4212 regui
779 4144 834 4203 sui,
849 4162 913 4214 quae
932 4145 1098 4199 omnimodo
1115 4163 1214 4200 carere
1226 4147 1349 4201 veritate
1361 4153 1536 4211 noscuntur,

494 4228 602 4282 “tulis
628 4246 753 4297 namque
781 4246 928 4298 uunquam
956 4230 1102 4299 postulato
1129 4232 1248 4285 fuerunt
1274 4248 1292 4283 a
1315 4231 1409 4295 nobis,
1434 4250 1489 4288 uec
1506 4249 1539 4286 ea

494 4322 511 4336 ¹·
532 4311 776 4366 concessissemus
811 4310 1028 4380 quomodolibet
1057 4331 1124 4368 cum
1150 4320 1371 4384 quantacunque
1402 4315 1539 4371 instantia

495 4406 512 4420 ¹·
532 4397 624 4466 petita
642 4396 784 4459 luissent,
816 4413 868 4449 uec
888 4395 1015 4450 decimas
1043 4404 1143 4451 contra
1161 4404 1190 4453 te
1209 4397 1286 4468 Regi
1303 4397 1457 4455 ⁵Franoiae
1475 4418 1538 4455 con·

494 4482 512 4503 “
532 4480 683 4544 cessimus,
715 4479 766 4533 scd
797 4477 937 4534 adversus
968 4481 1140 4536 Teutonicos
1177 4481 1325 4537 Ludovico
1360 4483 1540 4540 adhaerentes

495 4566 512 4586 ‘⁶
533 4564 680 4631 predicto,
701 4563 853 4633 ipsiusque
872 4563 1013 4618 Ecclesiae
1038 4564 1175 4620 Romame
1202 4565 1344 4631 inimicos,
1365 4567 1417 4637 qui
1444 4568 1482 4623 ud
1499 4570 1540 4623 in·

533 4847 538 4876 ¹
552 4845 694 4909 liujusruodr',
707 4848 778 4899 llari.
793 4855 849 4899 oto.
1074 4851 1241 4913 ⁴dederamus,
1255 4853 1326 4904 llari.
1340 4860 1397 4907 655.

529 4928 586 4977 '·'eu.
600 4926 669 4975 llnrl.
683 4932 738 4976 655.
1075 4933 1084 4957 ³
1097 4932 1254 4993 Francorum,
1267 4934 1339 4985 llarl.
1352 4940 1407 4987 655.

531 5007 540 5033 ²
551 5003 722 5069 rrirdtr'plr'eostr',
734 5007 805 5057 llari.
819 5014 873 5056 tiri.
