3750 6250
646 1114 809 1168 1111101111
823 1117 1030 1182 metrosus
1318 1077 1394 1169 123'

290 1310 302 1359 Ι.
334 1303 429 1371 ipsam
446 1302 599 1372 pecuniam
617 1320 705 1372 quam
722 1302 857 1374 nequiter
874 1302 1044 1374 adquisivit,
1063 1301 1210 1360 commisit
1226 1302 1388 1359 custodien-
1400 1308 1469 1359 Ax).
1484 1311 1557 1359 1³09.

334 1385 411 1449 dam,
432 1386 480 1440 vel
500 1386 538 1441 ad
556 1405 628 1442 usus
648 1406 715 1443 suos
734 1388 939 1459 ampliandam,
954 1388 1155 1443 transmarinis
1167 1388 1386 1453 mercatoribus,

335 1469 412 1524 sicut
430 1470 521 1540 prius.
560 1472 599 1526 Et
620 1490 708 1544 super
727 1472 790 1526 brec
812 1471 917 1535 omnia,
935 1471 1018 1541 justa
1037 1472 1109 1528 satis
1121 1472 1182 1526 illis
1194 1473 1322 1528 accrevit
1333 1472 1387 1537 ira,

335 1555 414 1624 ‹pnod
437 1555 572 1610 viderent
590 1574 621 1611 se
646 1555 816 1621 ¹contemni,
841 1561 873 1611 et
894 1556 1085 1627 ²alienigena,
1110 1574 1197 1628 quem
1219 1575 1273 1613 nac
1293 1557 1389 1613 virtus

336 1656 391 1693 nec
409 1639 553 1709 sapientia
571 1640 819 1705 commendabant,
840 1657 928 1710 super
948 1657 979 1694 se
999 1658 1089 1711 supra
1100 1640 1205 1696 merita
1224 1640 1388 1696 sublimari»

336 1731 366 1777 et
384 1724 427 1778 eis
445 1724 477 1778 in
493 1723 566 1780 locis
577 1724 711 1779 omnibus
724 1724 872 1779 anteferri.
910 1724 1154 1795 Dicebant³ergo
1166 1724 1204 1780 ad
1215 1724 1389 1788 invitem,—

338 1812 356 1834 “
365 1807 491 1871 Videtis,
506 1808 576 1879 qnia
593 1809 666 1863 nihil
682 1809 859 1880 proficimus,
873 1809 990 1880 expedit
1002 1814 1036 1864 ut
1047 1808 1103 1864 iste
1115 1809 1234 1864 tollatur
1246 1827 1263 1864 e
1274 1808 1388 1874 medio;

339 1898 357 1919 “
376 1911 413 1948 ne
436 1895 665 1965 perpotentiam
689 1896 808 1950 inducat
831 1901 991 1957 extraneos,
1013 1895 1064 1966 qui
1088 1894 1258 1949 nouaclum
1275 1899 1390 1951 nostras

339 1991 356 2004 ··
376 1978 467 2048 leges,
493 1987 607 2034 rioatras
630 1979 805 2034 ⁴annullant
833 1980 1068 2044 consuetudines,
1094 1978 1147 2035 sed
1176 1985 1308 2035 nostrum
1333 1980 1390 2034 sor·

338 2068 356 2089 ⁴·
376 2063 452 2117 sitan
470 2063 554 2118 tollat
572 2063 699 2119 lecum.''
738 2064 840 2119 Crevit
855 2064 939 2119 ‘haec
958 2064 1093 2120 voluntas
1110 2063 1215 2129 indies,
1236 2070 1267 2119 et
1284 2062 1390 2118 cotidie

337 2147 390 2201 bec
407 2147 588 2218 propositum
607 2148 786 2203 firmabatur.

370 2232 508 2295 Tandem,
518 2230 588 2288 licet
599 2251 673 2296 sero,
688 2241 775 2303 prout
787 2233 876 2289 moris
892 2239 938 2289 est
947 2232 1090 2304 Anglicis‚
1104 2251 1172 2289 cum
1183 2232 1221 2288 ad
1233 2238 1390 2288 extremam
1404 2231 1532 2282 Metelites

336 2316 539 2371 necessitatem
562 2316 776 2388 ‘pervenerint
801 2326 906 2389 parant
929 2335 1091 2390 erumpere,
1118 2325 1148 2373 et
1168 2318 1282 2388 Regem
1301 2334 1391 2388 super
1403 2299 1478 2349 “ken
1491 2300 1525 2363 bl

335 2400 391 2455 hiis
404 2408 435 2456 et
446 2401 511 2455 aliis
524 2402 687 2456 convenire.
713 2402 761 2457 Ad
774 2402 886 2472 Regem
898 2403 990 2473 igitur
1003 2404 1064 2457 sine
1074 2402 1199 2474 strepitu
1210 2402 1389 2466 accedentes,
1402 2365 1559 2483 3333&

334 2492 440 2556 rognut
450 2485 611 2548 humiliter,
635 2492 670 2542 ut
687 2487 829 2541 baronum
848 2505 968 2542 suorum
985 2488 1115 2542 consiliis
1132 2493 1258 2543 tractare
1273 2486 1393 2557 negotia
1404 2507 1445 2550 aet
1455 2499 1498 2549 the
1509 2500 1549 2548 in.

335 2571 420 2640 regni
444 2571 526 2635 velit,
553 2571 659 2641 quibus
685 2589 703 2625 a
727 2571 868 2642 periculis
895 2572 951 2626 sibi
978 2578 1008 2627 et
1031 2571 1133 2642 ⁷regni
1158 2571 1389 2635 imminentibus,
1403 2566 1544 2617 flue¹¹0e0f

335 2672 393 2709 non
417 2654 511 2710 solum
535 2656 657 2720 cautior,
685 2656 736 2709 sed
756 2656 857 2720 tutior,
878 2674 943 2710 esse
962 2656 1063 2727 possit.
1102 2654 1214 2711 Annuit
1232 2656 1295 2710 Rex
1315 2655 1392 2710 votis
1406 2634 1543 2687 ⁰⁸V²⁸t⁰¹b

336 2756 446 2803 eornm,
473 2745 504 2794 ct
527 2740 565 2794 ad
589 2739 819 2795 Parliamcntum
843 2758 943 2795 omnes
962 2741 1013 2812 qui
1034 2741 1177 2796 iuteresse
1196 2740 1340 2795 debebant
1357 2739 1394 2794 de

290 2823 556 2898 re,consuetudine,
583 2825 770 2890 convocavit;
809 2825 861 2879 ubi
885 2832 1011 2880 tractatu
1036 2825 1172 2895 diligenti
1195 2825 1303 2889 habito,
1329 2842 1394 2895 pes-

336 2908 463 2964 tulatum
494 2915 541 2964 est
570 2928 587 2963 n
617 2909 700 2979 Rege
730 2927 797 2964 cum
828 2909 975 2973 instantia,
1008 2915 1043 2965 ut
1072 2909 1194 2965 liberam
1229 2908 1394 2964 Beronibus

289 2969 305 3019 ¹·
336 2992 508 3064 disponendi
539 2993 681 3063 quosdam
717 2992 876 3057 Articulos,
917 2994 972 3047 sibi
1003 3011 1152 3064 regnoque
1190 3012 1252 3058 sne,
1284 3008 1394 3047 necnon

334 3077 475 3133 Ecclesiae
493 3076 675 3149 engitman,
696 3078 794 3143 utiles,
817 3079 989 3134 concederet
1006 3078 1184 3134 facultatem.
1223 3078 1393 3150 Suspicatus

290 3195 305 3245 L
335 3183 401 3220 mox
426 3163 498 3229 Rex,
525 3184 583 3236 quo
607 3183 708 3221 eorum
732 3166 901 3220 intendebat
925 3166 1056 3229 intentio,
1082 3166 1161 3235 quod
1184 3164 1323 3220 videlieet
1345 3163 1393 3218 vel

335 3257 466 3305 tenorem
496 3249 614 3321 Magnas
646 3249 771 3314 Chertm,
803 3251 852 3304 vel
882 3250 999 3305 Chartae
1029 3251 1066 3304 de
1098 3250 1229 3315 Foresta,
1260 3254 1394 3320 peterent

335 3333 509 3397 confirmari,
531 3335 578 3389 vel
600 3342 688 3398 certe,
711 3335 788 3404 qnod
807 3335 874 3405 plus
896 3335 1026 3399 timebat,
1048 3334 1170 3390 Petrum
1182 3335 1218 3388 de
1232 3334 1394 3389 Gaverston

335 3419 504 3475 ordinarent
522 3419 552 3474 in
571 3420 691 3474 exilium
710 3419 859 3484 destinari,
883 3419 935 3473 diu
958 3419 1057 3474 renuit
1079 3437 1206 3475 annuere
1227 3418 1391 3490 postulatis.

290 3502 475 3568 vellendam,
508 3505 545 3559 ad
575 3504 770 3575 importunam
807 3511 977 3558 cunctorum
1011 3504 1189 3567 instantiam,
1221 3521 1392 3558 consensum

291 3637 298 3685 Ι
336 3588 471 3658 praebuit,
493 3596 523 3643 et
539 3588 652 3658 juravit
676 3606 707 3643 so
733 3593 828 3642 retum
856 3593 956 3643 tenere
975 3588 1115 3659 quicquid
1138 3606 1273 3660 proceres
1296 3587 1393 3643 ¹³ordi·

301 3675 306 3686 '
336 3680 446 3727 iterent.
497 3673 647 3727 Couscnsn
672 3672 763 3741 Regis
788 3671 896 3736 habito,
924 3673 1053 3727 Berones
1078 3673 1134 3727 sibi
1159 3690 1210 3728 sex
1233 3673 1392 3745 Episcopus

335 3756 531 3813 adsciverunt.
558 3764 588 3811 et
611 3757 710 3827 plures
730 3756 766 3809 de
788 3756 866 3810 clero
896 3757 1066 3826 prudentes,
1090 3775 1158 3812 cnm
1175 3758 1278 3813 multis
1296 3759 1393 3813 ”com-

336 3841 481 3900 munibus.
508 3840 643 3895 discretis
675 3840 756 3902 viris,
784 3840 834 3910 qui
858 3841 1012 3912 praedictos
1037 3840 1187 3896 Articulos
1217 3842 1391 3907 ordinarent,

290 3936 308 3988 ,1,
336 3922 442 3980 Petrus
455 3943 525 3979 vero
538 3925 574 3978 de
595 3924 783 3987 (interamne,
807 3923 836 3977 in
857 3924 910 3978 hoc
929 3924 1126 3981 Parliamento
1145 3926 1239 3982 elatus
1252 3926 1282 3980 in
1295 3945 1394 3997 super·

334 4007 421 4072 biam,
436 4008 565 4063 Berones
585 4008 725 4079 despexit,
743 4013 774 4061 et
792 4008 920 4063 convitia
937 4009 1085 4064 nonnullis
1103 4009 1212 4074 intulit,
1236 4028 1394 4082 eorumque

336 4107 472 4163 perseum
495 4093 594 4146 verbis
618 4091 789 4163 procacibus
814 4090 1024 4148 dehonestavit.
1063 4094 1273 4149 'l'olcraverunt
1296 4103 1394 4150 temen

338 4177 446 4232 nobiles
465 4177 549 4247 regni
571 4178 633 4231 hirc
652 4176 758 4239 omnia,
782 4175 851 4245 quia
866 4177 1022 4246 sperabunt
1040 4177 1069 4231 iu
1088 4178 1218 4249 proximo
1235 4178 1393 4233 vindictam

338 4279 450 4317 sumere
472 4262 508 4316 de
528 4262 648 4327 codem;
678 4260 730 4316 scd
750 4258 806 4315 hoe
826 4259 890 4315 fleri
911 4278 997 4332 posse
1016 4261 1137 4317 minime
1154 4262 1280 4318 credidit
1297 4261 1393 4318 dictus

340 4345 450 4401 Petrus.

389 4491 403 4496 .-
418 4490 492 4497 -.
505 4488 874 4497 ——-.-—-—-——-—--—-..
888 4489 907 4496 .-

370 4600 533 4665 ‘votumpiae‘
542 4600 569 4650 iu
580 4599 622 4651 the
633 4599 731 4664 printed
743 4607 815 4650 texts.
866 4603 869 4688 1
920 4603 1102 4664 ‘perveterum
1112 4602 1139 4650 iu
1152 4601 1195 4652 the
1207 4602 1307 4666 printed
1318 4611 1393 4656 texts.

371 4680 548 4745 ‘alienigenam
561 4681 587 4730 in
600 4681 642 4730 tbe
654 4680 752 4743 printed
764 4687 838 4739 texts,
865 4694 868 4711 ¹
930 4682 938 4707 ⁷
951 4676 994 4730 Sic
1006 4680 1033 4728 iu
1045 4681 1118 4744 orig,
1129 4682 1179 4730 and
1191 4680 1218 4730 iu
1238 4683 1281 4733 the
1296 4685 1394 4749 printed

340 4761 498 4823 spresenble
517 4760 643 4821 readiug3
662 4758 758 4824 though
778 4759 798 4810 it
818 4758 839 4807 is
894 4765 969 4809 texte.

340 4837 468 4905 iilimiqena
481 4840 507 4888 iu
520 4840 585 4889 Bibl.
599 4841 661 4902 Reg.
677 4839 748 4888 1311.
761 4837 796 4888 ix.
927 4841 936 4867 ⁸
948 4838 1112 4889 ordinaverint
1121 4839 1146 4890 in
1158 4841 1201 4893 the
1212 4841 1310 4907 printed
1318 4852 1393 4896 texts.

371 4920 464 4981 'icitur
476 4919 554 4968 iutbe
565 4919 664 4983 printed
676 4927 749 4968 texts.
865 4971 867 4995 Ι
927 4919 978 4967 ’de
998 4919 1159 4970 summioribus
1180 4921 1207 4972 iu
1229 4923 1273 4974 the
1294 4924 1393 4988 printed

372 4997 512 5047 ‘ailniillent
522 4999 548 5047 in
562 4999 603 5048 tbe
614 4997 712 5062 printed
723 5004 797 5046 texts.
864 5001 867 5033 ⁵
894 5004 967 5048 texts.

373 5075 557 5139 1111110118..
864 5044 868 5123 1
