3750 6250
662 1126 827 1181 111s1o1111
840 1127 1054 1184 eromenes.
1338 1119 1381 1184 99

290 1336 314 1374 r.
333 1321 473 1386 exercitu,
492 1336 560 1376 eum
574 1321 660 1392 juxta
677 1319 828 1376 civitatem
844 1320 1083 1377 Attrabotensem
1106 1326 1169 1378 teto
1186 1338 1286 1378 mense
1312 1321 1382 1394 Sep·
1398 1288 1550 1416 ,33:13303·

290 1391 303 1441 i
332 1407 442 1471 tembri
465 1405 630 1470 mansisset,
658 1405 728 1460 licet
745 1406 843 1460 hostes
868 1405 904 1460 de
921 1405 1085 1477 propinquo
1103 1407 1215 1462 diutius
1241 1424 1309 1463 eum
1335 1424 1383 1463 ex·
1395 1437 1518 1489 Ammo

334 1496 509 1563 poetassent,
528 1490 602 1545 nihil
620 1489 743 1561 agendo,
762 1489 895 1544 Parisios
913 1505 1050 1548 reversus
1068 1498 1115 1547 est
1130 1492 1285 1563 inglorius,
1394 1504 1476 1555 Paris,

370 1576 443 1632 Post
459 1576 566 1631 festum
585 1574 722 1630 Omnium
741 1574 921 1638 Sanctorum,
942 1575 1050 1646 elapsis
1067 1576 1181 1647 treugis
1194 1594 1262 1633 oum
1275 1577 1379 1642 Sectis,
1394 1584 1505 1635 Edwerd

335 1660 397 1717 Rex
426 1660 544 1731 Anglise
575 1659 736 1715 Johannem
766 1660 802 1715 de
833 1658 972 1729 Segrave,
1000 1661 1125 1716 militem
1149 1660 1286 1727 nobilem,
1314 1679 1382 1717 oum
1395 1653 1513 1702 “nm

334 1746 464 1802 exercitu
481 1746 564 1801 misit
579 1745 611 1801 in
638 1744 775 1811 Sootiam,
801 1743 986 1801 committens
1011 1746 1039 1800 ei
1058 1745 1190 1817 ejusdem
1206 1742 1294 1801 terre
1318 1763 1383 1803 ous-
1395 1719 1534 1838 ”Sffiffif'

334 1830 453 1885 todiam.

370 1915 439 1971 Hiis
475 1914 587 1978 diebus,
620 1914 698 1971 eires
728 1914 973 1985 Burdogalensee‚
1013 1914 1174 1971 dominium
1204 1913 1384 1971 Gallicorum
1396 1919 1453 1971 The

335 2017 393 2056 nen
410 2000 545 2064 ferentes,
573 1998 640 2055 illos
666 1999 839 2056 decivitate
866 2018 920 2056 suo
936 2003 1038 2056 contra
1061 1999 1166 2056 Notale
1194 1999 1311 2055 Domini
1337 2017 1385 2056 ex·
1397 1988 1554 2118 mam

356 2084 484 2139 ulerunt.

337 2102 489 2224 p'l'ransit
506 2185 599 2223 annus
626 2167 683 2223 iste
709 2167 895 2223 mediocriter
920 2169 1047 2239 frugifer
1064 2174 1096 2223 et
1112 2168 1266 2234 fruetif013
1287 2185 1386 2224 conse·
1398 2123 1543 2174 mmm

338 2257 460 2324 quenter
490 2250 612 2307 Gallicis
642 2251 759 2308 insumis
789 2256 820 2307 et
844 2253 992 2316 notabilis,
1018 2256 1139 2323 propter
1168 2253 1328 2308 infortunia
1357 2258 1388 2309 et

338 2354 384 2394 ree
405 2336 526 2392 bellicas
552 2337 629 2392 male
657 2342 772 2406 gestam
800 2334 907 2407 Anglis
925 2336 1103 2394 honorabilis
1122 2343 1153 2393 et
1170 2337 1386 2404 confortabilis;

340 2420 435 2478 Sectis
453 2421 581 2486 odibilis,
601 2420 793 2484 detestabilis,
813 2426 844 2475 et
860 2420 984 2476 invisus,

291 2515 309 2566 l
373 2505 458 2565 Anno
477 2508 581 2578 gratioe
599 2504 756 2561 millesimo
781 2506 988 2560 trecentesimo
1014 2511 1129 2577 quarto,
1158 2506 1209 2577 qui
1227 2510 1273 2562 est
1296 2523 1388 2562 annus

340 2593 424 2664 regni
442 2592 534 2662 Regis
552 2590 697 2653 Edwardi,
717 2608 736 2644 a
753 2589 931 2661 Conquestu
950 2590 1052 2656 Primi,
1072 2591 1240 2647 tricesimus
1265 2591 1387 2664 primus,

340 2677 435 2732 tenuit
453 2676 516 2732 Rex
533 2675 649 2738 Natale,
669 2673 748 2746 apud
765 2673 1068 2740 westmonasterium,
1088 2674 1257 2731 Londoniis.

290 2782 322 2817 er.
375 2759 438 2829 Quo
456 2778 540 2825 anno,
562 2759 641 2815 Scoti
659 2761 812 2829 coeperunt
835 2758 977 2813 rebellare
1004 2765 1105 2814 contre
1129 2759 1243 2831 Regem
1260 2759 1387 2833 Angliae,
1401 2763 1535 2814 Rebellien

290 2834 311 2883 ⁸¹·
340 2844 412 2900 duee
439 2851 470 2901 et
499 2844 649 2916 capitaneo
678 2843 836 2898 constituto
865 2842 1015 2898 Willelmo
1038 2843 1164 2917 Waleys,
1192 2846 1242 2917 qui
1273 2864 1322 2901 eos
1353 2831 1482 2900 od⁰fl¹¹e

339 2929 511 2985 seditionem
528 2933 731 2983 commoverat.
769 2926 893 2997 Propter
911 2927 997 2997 qued,
1018 2927 1081 2981 Rex
1098 2928 1258 2984 coadunato
1277 2930 1389 2999 ingres·
1403 2898 1483 3013 ᾖξ’

339 3032 388 3069 sus
413 3014 552 3077 exercitu,
581 3012 778 3084 pretermisso
803 3017 898 3066 cestre
928 3011 964 3065 de
991 3011 1166 3083 Strivelyne,
1195 3013 1272 3084 quod
1291 2979 1520 3081 contreiifliim

338 3116 404 3157 eum
422 3098 569 3155 munitum
587 3098 691 3163 fueret,
711 3103 804 3154 totam
822 3101 931 3153 terrem
942 3102 1131 3170 pervagatur,
1151 3098 1267 3156 nemine
1283 3104 1391 3174 opertae
1403 3097 1525 3152 Wallece·

338 3203 444 3258 pugnae
463 3184 519 3239 sibi
538 3183 650 3254 copiam
667 3183 802 3238 faciente.

371 3268 483 3324 Eodem
510 3274 640 3339 tempere
665 3267 728 3321 Rex
746 3267 933 3330 Francorum,
954 3266 991 3321 ob
1015 3266 1211 3323 detentionem
1228 3267 1390 3324 Wasconiae
1404 3274 1548 3339 Gaeeeigne

338 3352 486 3426 injustam,
512 3352 620 3407 timens
645 3351 702 3406 sibi
727 3369 745 3406 a
770 3351 852 3422 Rege
879 3349 1006 3422 Angliae,
1032 3368 1086 3424 per
1103 3351 1262 3408 Dominum
1279 3352 1390 3424 Papam
1403 3344 1552 3420 mmm

338 3437 447 3493 adhoc
464 3436 613 3507 instigate,
634 3452 771 3507 guerram
788 3435 894 3507 parari,
915 3440 950 3492 ut
967 3437 1031 3508 ejus
1055 3437 1214 3492 amicitiam
1240 3437 1296 3494 sibi
1314 3456 1390 3492 com·
1402 3409 1563 3526 {milzmff

337 3527 462 3594 pareret,
482 3520 623 3592 quicquid
639 3520 844 3576 Wasooniaein
857 3538 946 3575 manu
965 3539 1018 3576 sua
1029 3522 1155 3586 tenebat,
1175 3522 1271 3577 eidem
1289 3529 1391 3594 sponte
1427 3490 1444 3524 n
1473 3491 1530 3528 ω’

291 3638 292 3644 κ
338 3607 488 3679 gratisque
522 3605 661 3670 restitnit,
689 3610 777 3676 prout
800 3604 956 3661 ridebatur
983 3606 1185 3677 ignorantibus
1219 3608 1389 3666 veritatem.

338 3692 419 3749 'luno
437 3692 525 3747 etiam
544 3697 574 3745 ct
592 3689 772 3758 Burdogalia
788 3689 865 3760 Regi
882 3689 1001 3761 Angliae
1019 3695 1121 3760 sponte
1139 3709 1171 3745 se
1190 3692 1324 3763 subjecit.

371 3776 536 3847 Philippus,
566 3774 643 3829 filius
670 3773 793 3828 Comitis
818 3773 974 3838 Flandriae,
1003 3774 1171 3832 coadunatis
1195 3776 1297 3832 multis
1315 3777 1389 3833 Teu·
1404 3777 1535 3832 Trucebe

338 3862 425 3919 toniae'
450 3860 658 3931 stipendiariis,
687 3857 838 3928 ingressus
864 3858 1028 3923 F'ranciam,
1055 3864 1185 3916 castrum
1212 3860 1312 3918 Sancti
1329 3849 1537 3926 riu-‘mllh‘’

338 3947 449 4004 domari
473 3943 605 4009 obsedit;
641 3943 693 3998 sed
719 3959 786 3997 cum
811 3942 885 3997 nihil
909 3943 1072 4014 proficeret,
1104 3944 1255 4001 discedens
1286 3947 1389 4001 urbem
1401 3912 1532 4031 fflffiffl

338 4033 518 4088 Morinorum
536 4027 672 4084 incendit.
707 4028 871 4100 Philippus,
892 4027 1071 4084 Francorum
1089 4029 1161 4094 Rex,
1181 4047 1284 4086 versus
1303 4031 1388 4085 Flan·
1400 4044 1472 4111 mag
1483 4047 1514 4097 of

338 4116 432 4173 driem
448 4132 622 4190 progressus
641 4130 709 4168 cum
726 4112 864 4177 exercitu,
890 4113 1017 4185 acceptis
1035 4114 1160 4188 treugis,
1180 4114 1324 4186 inglorius
1343 4121 1389 4172 eet
1401 4113 1507 4166 hence·

338 4219 482 4257 reversus.

372 4286 479 4350 Guido,
500 4283 604 4339 (lomes
622 4281 779 4346 F'lnndriae,
804 4289 835 4337 et
852 4282 931 4337 filius
950 4283 1015 4354 ejus
1032 4282 1188 4349 Robertus,
1214 4302 1233 4339 a
1257 4284 1390 4341 custodie
1400 4283 1509 4336 Fortiter

338 4389 388 4444 per
407 4371 520 4442 Regem
532 4367 663 4424 hancine
680 4366 778 4431 soluti,
791 4372 825 4422 ut
836 4367 1030 4422 Flandrenscs
1043 4368 1080 4422 od
1091 4386 1193 4440 peoem
1204 4369 1386 4434 reducerent,
1401 4359 1482 4432 ΨΒ·
1509 4420 1516 4433 ,

339 4457 367 4511 in
385 4454 554 4511 Flandmam
572 4453 818 4508 transmittuntur.
857 4451 916 4506 Sed
939 4471 1006 4507 cum
1025 4452 1099 4507 nihil
1117 4453 1298 4524 proficerent,
1318 4454 1387 4509 fide·
1400 4427 1535 4539 {⁰¹3³aess

340 4541 419 4597 litate
446 4545 561 4595 servata
588 4537 694 4601 debita,
724 4536 762 4590 od
788 4535 852 4590 loca
879 4555 940 4591 sum
966 4537 1097 4609 pristimo
1122 4537 1261 4592 custodiae
1290 4557 1388 4594 rever·

340 4631 450 4680 tuntur.
506 4623 549 4677 Eo
580 4629 721 4693 tempore,
753 4619 921 4676 Willelmus
959 4621 1037 4675 filius
1075 4621 1197 4677 Comitis
1235 4623 1388 4689 Hauonioe,

341 4710 491 4772 Johannis,
511 4714 542 4762 et
559 4705 665 4778 Guydo
682 4705 878 4776 Trajectensis
897 4705 1069 4777 Episcopus,
1097 4706 1229 4778 ejusdem
1247 4708 1390 4765 Willelmi

340 4804 470 4867 patruus,
497 4800 598 4848 contro
624 4790 817 4846 Flandrenscs
837 4789 888 4860 qui
907 4791 1063 4845 maximam
1089 4797 1203 4862 portem
1229 4792 1390 4849 ¹Flandri1e

345 4950 752 4960 ——..-.--.....-——-—--

717 5045 724 5074 ¹
745 5042 867 5094 Seloadioe
876 5043 903 5094 in
915 5042 1012 5093 trive

1187 5137 1211 5185 e
1234 5124 1255 5185 2
