3750 6250
435 1002 500 1068 232
762 1014 890 1066 monn
912 1014 1146 1067 nummum

267 1198 335 1252 AJ).
349 1202 420 1251 1³41.
437 1205 456 1231 ‘⁶
475 1202 571 1275 gratia
588 1218 697 1299 necnon
713 1201 796 1299 vobio
814 1221 832 1258 a
843 1202 906 1299 ileo
924 1201 1038 1299 collata,
1052 1202 1089 1299 de
1106 1201 1234 1299 inimicia
1251 1200 1364 1318 vaatrin¹
1372 1199 1480 1299 Scotia
1492 1205 1591 1325 ἔξω

437 1460 456 1485 “
476 1474 567 1527 quum
591 1453 769 1526 quorundam
795 1462 882 1512 terrae
899 1460 1006 1511 vestm
1023 1455 1187 1520 consilium,
1206 1452 1275 1526 'qui
1294 1452 1480 1511 commodum
1490 1474 1582 1543 35„

437 1544 456 1569 “
474 1540 624 1613 proprium
651 1540 713 1595 aive
736 1540 894 1595 utilitatem
921 1539 1034 1611 'magio
1060 1556 1147 1610 quarn
1171 1539 1310 1595 honorem
1335 1543 1478 1603 reanum,

437 1628 457 1654 “
475 1624 611 1696 populive
630 1624 763 1688 salutem,
777 1622 912 1679 affectare
923 1628 1092 1687 noscuntur,
1112 1623 1234 1679 clericos
1252 1629 1283 1679 et
1299 1622 1374 1679 alios
1392 1627 1480 1679 terrae

437 1711 457 1737 ‘¹
475 1714 580 1766 vestra
607 1709 672 1780 capi
698 1707 804 1772 facitis,
823 1723 976 1779 processus
994 1712 1095 1763 contra
1111 1706 1192 1778 leges
1209 1711 1305 1772 terra,
1326 1723 1401 1778 quae
1427 1722 1480 1778 per

438 1796 690 1849 “sacramentum
719 1792 752 1847 in
792 1789 984 1847 coronatione
1008 1796 1106 1846 vestra
1132 1790 1315 1862 ⁴praeatitum
1331 1789 1480 1847 custodiro

439 1881 458 1906 “
477 1877 627 1941 tenemini,
647 1876 792 1949 peragitis
810 1874 965 1939 indebitos,
984 1891 1095 1931 necnon
1112 1879 1213 1931 contra
1229 1874 1370 1946 Magnam
1388 1873 1479 1931 (lhar-

439 1964 458 1989 ‘⁶
476 1967 546 2026 tam,
562 1966 663 2017 contra
680 1977 767 2031 quam
785 1959 885 2015 venire
902 1964 1111 2030 praesumentes
1129 1975 1181 2030 per
1198 1956 1333 2030 praelatos
1350 1957 1478 2030 Anglioe,

440 2047 460 2073 “
479 2044 655 2114 Bullamque
679 2042 827 2115 Papalem,
853 2059 942 2113 quam
959 2058 1047 2113 penca
1074 2059 1127 2098 nos
1151 2041 1258 2098 habere
1289 2041 1478 2106 dinoscimur,

439 2131 458 2156 “
478 2135 547 2184 aunt
570 2125 819 2183 excommunicati.
867 2125 939 2195 Quae
957 2125 1076 2197 quidem
1105 2126 1136 2181 in
1165 2126 1269 2181 animae
1292 2132 1399 2182 veatrae
1424 2142 1480 2180 non

438 2214 458 2239 ‘⁶
477 2211 623 2267 modicum
639 2210 811 2282 periculum,
840 2215 933 2266 statue
961 2209 1136 2280 honorisque
1163 2209 1379 2275 dominantum,
1407 2209 1481 2282 proh

438 2298 458 2323 “
476 2294 574 2351 dolor!
592 2294 677 2350 ‘acta
694 2301 770 2349 aunt.
814 2293 854 2350 nt
875 2311 1039 2364 quanquam
1059 2292 1149 2348 iidem
1170 2293 1222 2363 qui
1244 2299 1373 2350 rectoroa
1393 2298 1480 2350 terrm

438 2382 457 2407 u
476 2379 590 2450 effigi,
609 2395 697 2449 quam
714 2376 804 2433 statui
819 2376 937 2432 illorum
956 2377 1100 2447 congruit,
1121 2393 1152 2431 ae
1170 2375 1282 2433 faciunt
1299 2383 1330 2432 et
1345 2376 1479 2433 consilia·

437 2466 457 2491 ‘⁶
476 2462 545 2527 mon,
560 2460 725 2531 intelligere
736 2478 789 2515 vos
801 2466 942 2515 conantur
954 2460 1032 2531 quod
1044 2477 1078 2515 ea
1089 2478 1155 2531 quae
1167 2460 1198 2515 in
1209 2460 1347 2531 praeacnti
1359 2458 1478 2531 ⁷agitis,

438 2550 457 2576 ‘⁸
476 2548 583 2619 populo
600 2551 699 2602 vostro
716 2544 915 2617 ⁸complacere
941 2544 1056 2610 dcbent,
1077 2545 1240 2601 certissimo
1257 2551 1357 2602 tamen
1374 2545 1479 2601 aeaeri-

438 2635 457 2661 ‘⁶
476 2649 551 2697 mua,
565 2630 650 2687 modo
661 2630 827 2686 nullatenus
839 2631 982 2695 inchoato,
997 2636 1027 2685 et
1037 2631 1092 2686 hoc
1103 2630 1266 2701 reperietis.
1303 2629 1479 2686 Dubitamua

437 2717 458 2743 ⁸‘
477 2715 554 2770 enim
572 2732 629 2769 non
645 2713 801 2779 modicum,
822 2714 900 2784 quod
926 2714 953 2769 si
977 2714 1096 2769 modum
1113 2714 1260 2786 prosecuti
1278 2713 1395 2769 fueritis
1418 2713 1479 2783 jam

438 2802 458 2826 ‘⁴
476 2798 633 2871 inceptum,
666 2798 754 2853 corda
779 2799 876 2869 gantis
901 2803 1007 2853 veatrae
1034 2815 1145 2853 nccnon
1171 2797 1288 2863 auxilia,
1314 2797 1421 2852 bonam
1447 2814 1480 2852 ac

438 2886 458 2911 ‘⁶
476 2889 586 2938 rectam
605 2882 745 2939 amittetis
763 2889 793 2938 et
812 2882 971 2954 querelam,
992 2882 1150 2952 taliterque
1169 2882 1243 2937 citra
1259 2898 1340 2936 mare
1356 2898 1411 2937 voa
1428 2881 1480 2936 im·

438 2970 458 2995 “
477 2966 632 3040 plicabitia,
664 2965 740 3037 quod
769 2983 907 3037 guerram
937 2971 1065 3022 vestram
1095 2964 1264 3037 perficiendi
1294 2982 1479 3037 nequaqnam

439 3054 459 3079 ‘⁶
478 3052 556 3107 vires
582 3050 768 3122 possidebitis
805 3067 859 3105 neo
885 3056 1069 3121 potestatem,
1097 3049 1225 3105 inimicia
1258 3050 1367 3106 restria
1399 3066 1479 3106 occa·

439 3138 458 3165 ‘⁸
478 3136 589 3191 sionem
606 3134 778 3207 insurgendi
795 3142 897 3190 contra
914 3151 966 3190 voe
984 3133 1102 3199 dabitis,
1124 3141 1154 3190 et
1173 3133 1350 3199 deemnendi,
1363 3134 1480 3190 bonam·

438 3223 457 3248 ‘⁴
477 3238 534 3290 que
559 3219 666 3275 samam
688 3226 816 3275 vestram
842 3237 876 3274 ac
903 3225 1021 3284 terram,
1045 3218 1123 3289 quod
1147 3218 1228 3275 Dcua
1254 3226 1377 3287 avertat,
1398 3221 1479 3276 amit

439 3306 458 3332 “
477 3302 566 3359 tendi.
611 3301 715 3371 Quare,
742 3302 875 3367 Domine,
896 3303 933 3357 ob
959 3302 1077 3359 honoris
1102 3303 1192 3358 vestri
1218 3308 1363 3374 terraeque
1388 3304 1481 3362 calva·

438 3389 458 3415 ‘¹
477 3386 594 3451 tionem,
621 3386 769 3457 querelam
799 3391 927 3441 vestram
951 3403 1062 3441 necnon
1090 3386 1307 3453 confovendam,
1329 3394 1482 3459 magnatos

439 3472 458 3497 ‘⁶
477 3476 563 3524 terrm
589 3487 621 3523 ac
649 3471 793 3540 sapientes
819 3469 991 3533 coadunare,
1013 3475 1042 3524 et
1060 3475 1094 3524 ut
1111 3471 1228 3540 negotia
1251 3476 1349 3526 vostra
1366 3471 1483 3527 felicem

440 3556 458 3580 “
479 3553 636 3607 sortiantur
673 3553 816 3616 effoetum,
856 3553 1002 3607 seniorum
1042 3571 1075 3607 ac
1116 3561 1285 3623 magnatum
1322 3556 1482 3610 secundum

440 3638 459 3662 “
479 3653 638 3699 assensum,
674 3654 797 3707 quorum
824 3636 886 3691 sine
920 3637 1041 3691 consilio
1071 3637 1244 3706 auxilioque,
1281 3645 1389 3692 terram
1419 3657 1483 3694 vea-

441 3721 555 3774 “tram
580 3736 692 3788 rogero,
721 3737 774 3774 nec
792 3720 881 3775 ctiam
900 3721 1048 3789 querclam
1067 3721 1188 3791 potestis
1215 3721 1363 3791 perficere,
1383 3722 1483 3777 velitis

441 3805 460 3829 “
479 3800 527 3855 ”et
544 3803 666 3871 operari.
715 3803 754 3857 Et
772 3804 841 3874 quia
858 3803 948 3873 aliqui
961 3804 1043 3858 vobin
1056 3803 1235 3859 collaterales
1250 3804 1339 3859 ¹⁰aive
1351 3805 1484 3861 faventes

441 3888 460 3912 “
480 3884 670 3956 proditionem
688 3886 770 3940 nobis
789 3893 819 3941 et
836 3886 993 3942 falsitatem
1012 3888 1158 3958 imponere
1176 3906 1233 3942 non
1251 3888 1417 3954 formidant,
1434 3908 1484 3946 eoa

442 3972 460 3996 “
480 3969 740 4024 excommunicatos
772 3970 832 4024 loro
862 3969 1079 4035 denunciamus,
1110 3977 1140 4025 ct
1170 3972 1245 4025 sicut
1274 3979 1357 4042 pater
1385 3979 1485 4028 vester

441 4056 461 4080 “
480 4052 641 4124 spiritualia
670 4071 723 4123 pro
752 4052 858 4108 talibus
888 4071 937 4109 eos
967 4059 1065 4108 tonare
1100 4054 1198 4110 velitis
1228 4073 1387 4111 exoramus.
1439 4056 1484 4114 Ob

442 4135 661 4208 “quorumdam
687 4136 805 4207 insuper
830 4135 912 4192 vobis
941 4137 1168 4193 ministrantium
1185 4139 1328 4205 inertiam,
1348 4140 1483 4210 iniquum

476 4471 483 4500 ¹
489 4473 613 4538 princeps,
626 4471 697 4522 Harl.
714 4475 769 4520 655.
1020 4473 1135 4532 ⁵eroctu,
1146 4472 1218 4522 IIurl.
1232 4478 1288 4523 655.

473 4549 693 4615 ²alfon1mquequi
709 4551 942 4616 mcqiscommodum,
1018 4550 1195 4614 “muqicelianr
1206 4569 1285 4616 qimm,
1297 4553 1370 4605 Harl.
1383 4560 1440 4606 655.

444 4629 515 4678 llari.
529 4634 583 4679 655.
608 4631 648 4680 On
660 4630 817 4694 eompcriaon
829 4631 891 4682 with
898 4634 941 4683 the
1017 4630 1027 4656 ⁹
1033 4631 1162 4695 peremto,
1172 4630 1245 4681 Harl.
1259 4637 1314 4682 655.

442 4703 549 4767 original
560 4704 667 4763 Frffich,
680 4706 741 4755 both
759 4713 825 4757 texta
836 4722 902 4758 reem
914 4715 940 4758 to
1018 4706 1222 4772 'complacebunt
1233 4710 1305 4760 Harl.
1318 4717 1374 4763 655.

442 4783 473 4831 bo
485 4781 572 4844 faulty.
1015 4788 1145 4839 ⁰0mitted
1156 4789 1182 4837 iu
1196 4789 1266 4839 Harl.
1280 4795 1337 4840 655.

475 4859 606 4909 'Omitted
617 4860 643 4908 in
656 4862 727 4911 llari.
740 4870 796 4915 655.
1015 4866 1033 4896 ¹⁰
1045 4866 1172 4917 adulanter
1183 4869 1242 4931 aive,
1253 4869 1324 4919 lIarl.
1339 4875 1397 4920 665.

476 4936 594 4998 *scotum
605 4935 677 4988 llerl.
689 4942 745 4988 655.
