3750 6250
681 1120 845 1172 moroan
860 1120 1069 1175 suonrcana
1340 1114 1402 1179 113

270 1306 521 1385 eyotobtulerunt
548 1309 668 1365 Summo
694 1309 828 1366 Pontifici
858 1310 1070 1385 ¹qnadraginta
1099 1314 1193 1369 millia
1221 1314 1258 1369 de
1287 1315 1404 1371 florenis
1416 1322 1485 1373 ΑΙ).
1500 1329 1571 1377 1907.

270 1387 330 1493 ⁰¹3³
350 1393 457 1458 aureis,
478 1400 508 1449 et
524 1395 677 1466 pecuniam
695 1395 817 1451 multam
835 1397 931 1460 nimis,
951 1415 1005 1470 pro
1022 1398 1118 1463 terris,
1138 1398 1265 1470 proediis,
1286 1400 1405 1456 redditi·

270 1474 472 1559 ¹m‘busqne,
501 1478 582 1535 licita
609 1479 779 1535 obtinendis.
828 1480 939 1550 Quibus
966 1481 1055 1554 Papa,
1087 1482 1172 1538 “Ubi
1197 1484 1272 1548 est,”
1298 1485 1402 1556 inquit,

270 1578 291 1623 ιι
351 1564 370 1589 “
389 1560 442 1616 illa
458 1568 557 1618 restra
573 1562 742 1635 pecunial”
778 1564 820 1620 At
837 1564 882 1619 illi
900 1564 1044 1629 dixerunt,
1065 1566 1125 1620 “in
1142 1567 1275 1623 manibus
1294 1585 1403 1624 merca·

351 1648 370 1673 ‘⁴
388 1647 517 1712 tornm,”
552 1647 592 1704 Et
609 1647 685 1703 datis
709 1648 862 1704 Fratribus
887 1650 1012 1705 induciis
1033 1650 1123 1706 trium
1147 1650 1261 1707 dierum
1284 1671 1402 1730 respon·

348 1730 438 1786 sionis
467 1731 617 1801 habeudae,
649 1732 790 1789 absolutis
820 1734 1030 1789 mercatoribus
1061 1752 1078 1789 a
1103 1734 1229 1807 depositi
1259 1737 1400 1803 custodia,

347 1816 486 1888 pracepit
497 1816 586 1888 Papa,
601 1817 656 1872 sub
670 1818 903 1873 interminatione
918 1818 1119 1882 anathematis,
1135 1820 1289 1891 pecuniam
1307 1822 1402 1893 ipsam

347 1899 411 1971 ejus
429 1901 651 1956 necessitatibus
668 1901 817 1957 custodiri.
856 1902 1074 1973 Responditque
1089 1902 1251 1968 Fratribus,
1267 1906 1401 1977 regulam

347 1982 447 2039 Sancti
472 1983 621 2040 Francisci
645 1984 863 2041 ²can0nizaam
882 2005 913 2040 se
937 1986 1015 2042 nolle
1042 2003 1130 2042 sensu
1156 1987 1254 2059 aliquo
1278 1989 1398 2054 violare,

346 2085 399 2122 nec
424 2068 543 2123 Ehatres
570 2070 606 2123 ab
633 2088 668 2124 ea
692 2070 848 2141 aliquando
878 2071 1034 2135 declinare,
1067 2070 1120 2126 sed
1149 2072 1310 2127 secuudum
1336 2091 1400 2129 eam

346 2151 452 2224 degere
471 2171 586 2225 semper
609 2154 722 2209 debera.
762 2155 869 2225 Sicque
894 2156 1003 2210 sactum
1028 2160 1081 2220 eat,
1102 2162 1136 2211 ut
1160 2156 1237 2227 quod
1261 2157 1398 2229 injustius

345 2236 553 2308 adquisierant,
574 2239 739 2310 aequissime
759 2240 927 2294 amiserunt.

379 2319 512 2378 ’Eodem
544 2341 627 2387 anno,
664 2330 769 2378 ventus
799 2323 955 2378 vehemens
989 2329 1019 2379 et
1048 2323 1204 2381 damnosus
1240 2328 1399 2397 prostravit

344 2405 472 2470 arbores,
499 2406 630 2472 aedificia,
658 2414 688 2464 et
712 2407 887 2480 campanilia
912 2408 1014 2473 multa,
1041 2408 1071 2463 in
1095 2427 1186 2482 regno
1204 2410 1321 2482 Angliaa
1346 2430 1398 2485 per

344 2490 460 2547 diversa
477 2491 550 2547 loca.

270 2604 298 2640 ρ,
378 2575 468 2647 ⁴Ejus
494 2594 608 2648 quoque
632 2583 770 2649 tempore,
795 2577 857 2632 Rex
878 2578 1074 2643 Tartarorum,
1101 2585 1132 2635 et
1154 2578 1217 2634 Rex
1239 2579 1396 2646 Armeniae,
1411 2602 1533 2657 'mm

270 2665 299 2707 9·
344 2669 375 2715 et
391 2659 453 2715 Rex
466 2660 706 2731 Georgianorum,
727 2670 904 2732 congregato
928 2663 1067 2727 exercitu,
1089 2664 1139 2734 qui
1164 2664 1283 2721 suerunt
1300 2666 1396 2723 decies
1410 2670 1515 2723 tionsin

270 2737 314 2843 ξι
343 2751 463 2801 centena
480 2746 582 2808 millia,
602 2752 632 2801 et
649 2746 843 2818 quadraginta
866 2746 960 2800 millia
977 2747 1008 2801 in
1026 2749 1119 2819 cquis,
1145 2748 1277 2805 invocato
1297 2757 1398 2807 contra
1411 2735 1492 2802 siff&

271 2856 313 2910 Μ
344 2829 517 2885 Sarracenos
543 2830 654 2886 Christi
681 2830 834 2902 adjutorio,
862 2829 1046 2886 dimicarunt.
1092 2832 1131 2887 Et
1160 2850 1235 2889 caesa
1264 2842 1333 2891 sunt
1362 2854 1397 2892 ex

271 2928 285 2972 a
343 2913 494 2969 Saracenis
521 2915 598 2986 apud
622 2915 788 2986 Halapiam‚
817 2914 1015 2978 Alachamala,
1035 2914 1205 2980 ⁵Gararam,
1226 2924 1256 2973 et
1274 2918 1395 2975 Damas·

342 3016 418 3062 cum,
437 3000 594 3071 plusquam
612 2999 736 3055 ducenta
754 3005 784 3053 et
802 2997 995 3069 quadraginta
1007 2998 1109 3062 millia,
1125 3000 1155 3053 in
1173 3001 1312 3056 ultionem
1331 3021 1395 3058 san-

341 3083 439 3154 guinis
459 3083 692 3139 Ghristianorum
708 3081 810 3138 ‘effusi
829 3081 906 3154 apud
927 3081 1035 3145 Accon,
1060 3082 1211 3154 Tripolim,
1238 3093 1267 3141 et
1290 3092 1396 3142 cratera

341 3165 403 3222 loca
421 3175 529 3223 sancta.
567 3167 681 3222 Horum
697 3169 886 3222 Tartarorum
903 3166 1108 3231 conversionis,
1127 3174 1161 3222 ut
1178 3169 1280 3232 fertur,
1299 3171 1395 3226 extitit

341 3251 397 3306 ista
414 3251 661 3307 cauam-Frater
685 3250 784 3320 magni
809 3250 899 3320 Regis
924 3249 1111 3304 Tartarorum
1138 3248 1300 3315 ⁷Gassiani‚
1326 3272 1394 3308 cum
1406 3260 1550 3315 Amineis.

341 3341 418 3390 esset
444 3335 589 3405 Paganus,
617 3334 763 3389 adamarit
789 3333 879 3387 filiam
903 3332 995 3403 Regis
1013 3331 1160 3388 Armeniae
1179 3334 1391 3404 Christianam

341 3438 427 3490 qnam
446 3438 465 3474 a
482 3427 564 3490 patre
581 3419 667 3490 petiit
685 3419 716 3473 in
733 3418 887 3489 conjugem
907 3416 963 3472 sibi
981 3417 1055 3473 dari.
1092 3418 1155 3473 Rex
1173 3426 1272 3476 autem
1289 3421 1392 3477 Arme-

340 3504 396 3558 niae
431 3504 526 3559 noluit
561 3503 757 3573 adquiescere,
800 3502 858 3555 nisi
894 3501 977 3557 fieret
1013 3501 1206 3558 Christianus.
1256 3505 1298 3560 At
1330 3505 1391 3571 ille,

340 3588 499 3659 praevalens
516 3588 627 3642 viribus
646 3594 676 3642 ct
692 3587 830 3658 potentia,
847 3585 903 3640 sibi
922 3584 1022 3642 intulit
1035 3586 1128 3641 minas
1146 3586 1226 3642 belli.
1264 3589 1393 3645 Tandem

340 3671 411 3736 Rex,
427 3678 545 3743 accepto
561 3670 690 3733 consilio,
708 3669 785 3741 quod
800 3669 935 3724 meliores
955 3675 1023 3725 sunt
1038 3672 1147 3742 nuptias
1172 3689 1259 3742 quam
1275 3692 1391 3745 pugnae,

339 3756 441 3811 annuit
458 3756 620 3827 postulatis.
657 3754 769 3809 Deinde
788 3754 929 3809 suscitata
945 3753 1026 3824 prole
1042 3754 1196 3810 masculini
1215 3774 1301 3812 sexus
1317 3758 1394 3814 inter

339 3857 397 3903 eos,
421 3841 556 3895 inventus
574 3845 620 3894 est
643 3838 776 3910 hispidus
800 3844 830 3893 et
853 3838 964 3909 pilosus
989 3837 1071 3893 velut
1093 3856 1189 3894 ursus.
1229 3839 1292 3909 Quo
1316 3843 1393 3913 patri

339 3924 443 3988 oblato,
475 3923 549 3979 dixit
580 3942 637 3977 non
671 3940 734 3977 esse
771 3941 866 3984 sunm,
894 3939 1040 3992 quemque
1067 3921 1158 3993 jussit
1188 3925 1288 3978 statim
1323 3926 1392 3994 igne

338 4008 479 4073 eremari;
515 4013 609 4063 mater
633 4024 704 4061 vero
729 4005 930 4061 contradicens
955 4005 1042 4077 petiit
1067 4005 1124 4060 sibi
1150 4005 1214 4061 dari
1239 4007 1389 4073 infantem,

338 4110 395 4164 quo
424 4099 553 4163 accepto,
581 4091 673 4164 jussit
703 4109 770 4145 eum
799 4090 964 4161 baptizari;
996 4095 1026 4145 et
1056 4090 1155 4145 statim
1185 4097 1253 4162 post
1282 4091 1390 4147 trinam

337 4177 554 4232 immersionem
571 4176 602 4230 in
617 4175 801 4237 sacrofonte,
820 4173 927 4229 cecidit
942 4174 1037 4228 omnis
1054 4173 1199 4229 villositas
1216 4175 1252 4228 de
1267 4174 1387 4241 infante,

336 4267 365 4316 et
380 4261 516 4333 apparuit
527 4259 601 4314 lenis
614 4267 644 4314 et
660 4258 874 4331 pulcherrimus
889 4275 1057 4328 puerorum.
1095 4257 1159 4312 Hoc
1173 4258 1246 4321 viso,
1265 4258 1390 4316 credidit

335 4352 417 4416 pater
435 4351 465 4399 et
483 4344 586 4398 domus
605 4350 674 4398 tota.
1400 4359 1524 4415 m

270 4461 307 4549 La
370 4428 442 4483 Post
466 4427 588 4492 Pascha,
614 4426 760 4480 Robertus
785 4425 820 4480 de
844 4424 932 4488 Brus,
952 4420 1049 4480 'aucto
1070 4424 1133 4495 jam
1159 4442 1212 4478 sno
1243 4426 1383 4492 exercitu,
1398 4427 1521 4550 181011ιὶιωίιὲ1

308 4533 313 4545 .
1434 4511 1449 4545 ο
1486 4513 1528 4550 n.

368 4658 564 4724 'quadringinta
587 4657 614 4707 in
634 4657 707 4708 Matt
721 4657 835 4718 Wesan,
884 4653 969 4706 suoru
988 4653 1055 4704 Har.
1074 4653 1105 4704 os
1117 4653 1239 4705 Matthesr
1260 4655 1291 4705 os
1304 4655 1387 4708 west·

334 4740 383 4788 and
392 4739 419 4786 iu
432 4737 499 4788 Bibl.
512 4737 574 4802 ch.
589 4742 619 4786 19
631 4737 660 4786 Ε.
673 4736 710 4786 ix.
883 4735 995 4786 minster.

365 4817 668 4883 'comizntsuiuoria
916 4816 960 4863 ’et
995 4811 1120 4863 Garatom
1155 4812 1182 4862 iu
1216 4813 1259 4863 the
1287 4815 1387 4880 printed

365 4901 454 4951 ⁸AJ).
473 4905 546 4958 1999,
566 4898 703 4963 according
719 4905 746 4947 to
766 4897 834 4946 Mat-
883 4903 958 4943 texts.

335 4979 398 5029 ther
409 4980 440 5030 oi
452 4978 635 5030 ll'estminstcr.
914 4976 924 5002 ⁸
935 4971 1022 5038 effari
1032 4970 1059 5021 in
1070 4971 1133 5037 orig.

366 5060 418 5110 ⁴8.
432 5061 465 5110 Λ.
486 5063 558 5120 1299,
585 5073 612 5108 aa
634 5056 711 5124 given
740 5055 767 5105 iu
792 5054 834 5104 the
916 5049 1052 5103 ’casata
1064 5049 1091 5101 in
1103 5051 1146 5101 the
1156 5050 1255 5116 printed
1266 5058 1340 5103 texts.

1226 5149 1252 5196 H
