3750 6250
662 1067 1052 1121 meronmauearclrm.
1323 1052 1392 1125 207

272 1259 309 1315 rl.
339 1258 358 1284 ‘⁴
379 1256 484 1329 ‘juxta
501 1255 660 1311 militarem
677 1257 838 1313 theoricam
862 1257 1040 1323 edocentem,
1069 1255 1147 1328 quod
1170 1262 1257 1313 mota)
1275 1271 1391 1329 guerrse
1403 1267 1471 1322 An,
1486 1275 1557 1324 13³9.

339 1342 358 1368 “
377 1339 564 1413 ‘periculum
593 1340 660 1411 plus
686 1342 786 1404 evitat,
816 1341 867 1413 qui
892 1359 957 1396 esm
978 1359 996 1396 s
1019 1345 1107 1396 terrae
1132 1356 1193 1397 suae
1218 1341 1297 1396 limit
1325 1350 1415 1412 pro-²

272 1399 304 1461 fb·
338 1427 358 1453 “
379 1427 576 1497 ‘sequestrat
591 1431 693 1480 contre
703 1426 850 1481 notorium
862 1424 976 1481 hostem
995 1432 1127 1480 nostrum
1146 1442 1200 1497 pro
1209 1425 1278 1497 jure
1290 1431 1391 1481 nostro

338 1510 357 1536 ‘⁸
379 1512 453 1564 ‘nos
473 1508 622 1580 congredi,
643 1515 674 1565 et
693 1511 782 1565 terris
802 1516 954 1582 potentum
975 1510 1141 1582 potentibus
1155 1509 1288 1574 sociatos,
1303 1525 1391 1582 quom

337 1595 357 1621 ‘¹
378 1593 430 1649 ‘iu
449 1594 569 1665 propria
586 1609 712 1665 persone
733 1601 835 1650 nostra
859 1595 945 1649 solos.
983 1594 1050 1648 Non
1074 1594 1168 1665 igitur
1188 1593 1267 1666 apud
1284 1599 1390 1649 vestrae

336 1681 355 1705 “
377 1678 513 1733 ‘viscera
531 1678 741 1734 misericordias
759 1684 790 1735 et
806 1678 969 1735 sanctitatis
987 1678 1085 1734 locum
1097 1678 1227 1733 inveniat
1239 1676 1391 1734 detrahen-

336 1765 355 1789 “
378 1761 474 1817 ‘tium
504 1762 674 1818 informatio
705 1763 813 1817 aemule
842 1762 890 1818 vol
915 1761 1035 1817 sinistra
1058 1762 1145 1826 facta,
1171 1760 1207 1816 de
1237 1761 1308 1826 filio,
1341 1761 1392 1832 qui

336 1848 356 1874 ‘⁴
378 1848 386 1873 ⁶
406 1861 526 1901 suorum
538 1846 727 1902 hereditario
744 1850 812 1917 jurc
824 1846 980 1917 majorum,
998 1845 1030 1900 in
1049 1851 1216 1900 vestrorum
1231 1845 1393 1917 predeces-

336 1933 355 1957 “
377 1931 508 1994 ‘sorum,
534 1936 642 1995 vesus,
668 1936 699 1985 et
721 1930 898 2002 Apostolicoe
929 1928 1025 1994 Sedis,
1046 1930 1144 2001 gretia
1168 1935 1198 1984 et
1227 1928 1393 1984 obedientia

336 2016 356 2041 ‘¹
378 2017 516 2086 ‘semper
534 2013 707 2071 inconcusse
728 2014 861 2085 persistit
880 2019 911 2069 et
928 2012 1078 2085 persistet.
1116 2012 1221 2078 Immo,
1235 2012 1261 2067 si
1280 2012 1392 2083 quosvis

336 2101 356 2125 ¹⁶
378 2101 386 2126 ⁸
398 2098 435 2154 de
447 2100 508 2154 filio
520 2099 621 2154 taliter
633 2099 710 2153 facta
722 2098 876 2171 suggestio
893 2097 1059 2170 pulsaverit
1076 2103 1183 2153 veatrae
1201 2095 1392 2151 beatitudinis

337 2185 357 2210 ‘⁸
379 2183 525 2239 ‘forsitan
545 2199 641 2246 aures,
667 2200 726 2237 non
748 2182 832 2253 prins
857 2199 875 2236 a
897 2186 998 2237 vestra
1019 2180 1188 2252 dignatione
1210 2185 1310 2235 sancta
1329 2195 1392 2235 cre·

336 2269 356 2293 ‘¹
377 2266 508 2323 ‘dulitas
527 2266 573 2320 illi
592 2266 689 2332 detur,
710 2283 799 2337 quam
818 2266 936 2321 auditus
957 2267 997 2321 sit
1008 2265 1088 2320 flliua
1107 2263 1159 2336 qui
1176 2269 1326 2335 tangetur,
1340 2264 1392 2333 qui

336 2353 355 2377 “
377 2350 533 2415 ‘confidit
556 2356 587 2405 et
606 2350 808 2405 indesinenter
832 2349 969 2414 intendit,
996 2356 1063 2405 ante
1089 2349 1260 2405 Senotitetia
1284 2353 1392 2402 vestre

335 2437 355 2461 “
377 2436 385 2461 ⁴
395 2434 552 2506 judicium,
573 2433 653 2489 omni
671 2434 832 2505 praesidens
851 2442 1004 2499 creature,
1020 2433 1111 2504 (quod
1128 2449 1237 2504 negare
1255 2432 1393 2486 haeresim

335 2520 355 2546 ‘⁴
377 2521 445 2575 ‘est
461 2516 606 2591 probare),
632 2517 745 2590 justam
770 2518 878 2583 dicere,
905 2518 954 2573 vel
976 2519 1089 2589 justum
1113 2517 1209 2573 facere
1232 2516 1393 2588 quamlibet

335 2606 355 2630 “
377 2605 517 2659 ‘oausam
531 2621 624 2659 suam.
662 2603 742 2657 Illud
755 2602 874 2658 demum
886 2603 1022 2667 dicimus,
1043 2602 1080 2656 ad
1097 2607 1205 2657 nostrse
1223 2600 1392 2657 intentionis

336 2689 356 2714 ‘⁸
378 2686 581 2759 ‘majorisque
606 2686 771 2742 dovotionis
796 2687 974 2743 evidentiam
1006 2686 1227 2758 subjungentes,
1261 2685 1337 2758 quod
1367 2685 1393 2740 si

336 2774 356 2798 ‘⁸
378 2772 441 2827 'sit
464 2771 572 2842 aliquis
596 2770 635 2825 'de
661 2771 745 2826 nobis
771 2770 882 2825 foedero
908 2776 1021 2825 naturae
1047 2769 1230 2840 conjunctus,
1250 2770 1392 2840 nobisque

335 2857 355 2881 ‘⁴
378 2854 437 2909 ‘ad
454 2861 585 2910 nostram
603 2854 802 2909 defensionem
820 2854 986 2924 adjunctus,
1001 2853 1052 2925 qui
1064 2871 1118 2925 por
1129 2855 1209 2909 viam
1222 2854 1393 2909 obedientioe

336 2941 355 2965 ‘⁴
377 2938 576 3009 ‘Apostolicae
605 2938 691 2994 Sedis
718 2945 825 2993 vestrm
855 2955 913 2992 non
939 2938 1071 2992 ambulet
1097 2938 1175 2994 siout
1199 2937 1294 3003 debet,
1323 2936 1393 2991 darc

336 3025 357 3050 ‘¹
378 3025 386 3050 ⁸
402 3023 592 3085 intendimus,
608 3041 696 3093 quam
709 3040 767 3078 non
779 3039 885 3094 perum
897 3022 1017 3077 utiliter
1025 3020 1095 3075 dare
1108 3038 1195 3092 posse
1208 3020 1390 3084 confidimus,

335 3109 355 3135 ‘⁴
378 3110 520 3180 ‘operam
547 3107 753 3173 ¹indefessam,
786 3110 828 3171 ut,
854 3106 935 3162 omni
966 3105 1089 3161 dimisso
1118 3104 1215 3171 devio,
1246 3104 1284 3160 ad
1313 3104 1391 3159 viem

335 3196 354 3220 ‘⁴
376 3193 573 3249 ‘obedientius
592 3192 703 3256 redeat,
724 3208 899 3262 omnemque
914 3188 1005 3245 faciet
1017 3190 1153 3245 semitam
1173 3204 1257 3244 suam
1269 3195 1388 3244 rectem.

334 3280 354 3304 ‘⁶
376 3279 384 3305 ⁸
399 3277 498 3333 Unum
515 3295 629 3343 rursus,
651 3276 730 3348 quod
750 3295 768 3331 a
785 3276 888 3331 multis
913 3274 1089 3340 andivimus,
1109 3275 1203 3346 petita
1219 3274 1307 3330 venie
1323 3291 1391 3329 cum

334 3364 354 3388 ‘⁴
377 3362 573 3427 ‘reverentie
605 3377 662 3415 non
692 3367 834 3425 tacemus,
866 3359 946 3430 quod
974 3359 1047 3414 aliae
1077 3357 1251 3423 inauditum,
1283 3362 1391 3429 quanto

335 3448 356 3472 ‘⁴
378 3446 602 3501 ‘consideretur
623 3445 774 3509 attentius,
800 3444 908 3516 pungit
937 3443 1053 3499 acutius
1083 3449 1213 3498 mentem
1240 3447 1388 3507 nostram

335 3532 355 3556 “
377 3527 540 3585 ‘videlicet
567 3528 647 3599 qnod
672 3528 835 3583 adversarii
860 3528 954 3582 nostri
980 3544 1084 3582 manus
1110 3526 1224 3583 notorie
1249 3543 1337 3593 nuno,
1357 3532 1391 3581 ut

335 3616 355 3640 ⁸*
377 3613 492 3684 ‘prius
513 3611 571 3667 'ad
588 3613 683 3667 nostri
701 3618 816 3667 tantum
834 3611 994 3667 laborantis
1013 3610 1145 3677 exitium,
1166 3628 1233 3666 cum
1252 3626 1391 3682 guerram

334 3700 355 3724 ‘⁸
376 3698 510 3752 'faceret
526 3712 613 3751 nemo
632 3696 688 3750 sibi
706 3713 760 3751 noc
779 3695 842 3767 ipse
861 3695 913 3749 alii
931 3695 989 3749 nisi
1006 3694 1101 3760 nobis,
1122 3694 1158 3749 de
1177 3694 1290 3750 christi
1301 3692 1391 3766 patri·

335 3784 355 3807 ‘⁴
377 3782 496 3835 ‘monio
523 3780 563 3835 sit
588 3785 729 3835 armatus.
775 3778 859 3848 Quod
883 3787 964 3833 certe
991 3778 1090 3850 Reges
1115 3778 1243 3849 Anglioe,
1275 3785 1390 3834 nostros

336 3868 357 3893 “
379 3865 643 3937 ‘praedecessores
676 3863 809 3919 illustres
847 3862 961 3918 Ohristi
991 3862 1118 3934 pugiles,
1150 3862 1219 3917 fidei
1254 3864 1388 3928 athletas,

340 3952 360 3976 “
382 3950 520 4005 ‘Sanctae
547 3950 687 4004 Romanus
712 3948 817 4003 Matris
837 3947 980 4002 Ecclesiae
1000 3946 1216 4003 amantissimos
1235 3948 1388 4014 zelatores,

335 4037 354 4061 ‘⁸
377 4036 385 4061 ⁸
399 4033 522 4105 ejusque
534 4033 738 4089 mendatorum
750 4031 957 4087 devotissimos
976 4036 1149 4095 servatores,
1163 4028 1212 4087 rel
1223 4048 1277 4086 nos
1289 4031 1387 4094 etiam,

334 4121 355 4146 ‘⁴
377 4120 452 4174 ‘nec
471 4116 580 4174 scimus
598 4134 653 4172 nco
670 4116 819 4172 credimus
838 4116 992 4171 meruisse.
1030 4116 1071 4170 Et
1098 4115 1169 4171 licet
1195 4120 1314 4186 propter
1332 4111 1387 4169 hoc

335 4206 355 4230 ‘⁸
377 4203 514 4259 ‘dicatur
540 4221 558 4257 a
583 4202 728 4274 pluribus,
754 4218 813 4255 non
838 4218 856 4254 a
881 4200 975 4265 nobis,
1004 4199 1082 4270 quod
1107 4205 1208 4254 contra
1234 4217 1286 4253 nos
1311 4199 1388 4253 secte

335 4291 355 4314 “
376 4287 563 4351 ‘subventiu
584 4286 680 4357 quoad
691 4303 754 4350 nos,
769 4291 852 4339 ectus
870 4285 963 4355 patris
982 4284 1030 4338 vel
1049 4282 1152 4338 mutuis
1170 4300 1228 4337 non
1245 4281 1384 4347 extiterit,

335 4374 355 4399 ‘¹
377 4370 451 4427 ‘sed
479 4386 630 4435 novercae3
669 4366 861 4424 nihilominus
897 4373 995 4423 tumen
1031 4372 1197 4423 constanter
1227 4366 1386 4422 asserimus

335 4457 355 4483 ‘⁴
377 4454 478 4527 ‘quod
496 4470 608 4520 sumus,
635 4458 667 4510 ct
689 4458 914 4524 perseveranter
938 4451 1058 4517 emmas,
1077 4455 1185 4506 vestrm
1204 4449 1384 4518 Sanctitatis,

367 4694 543 4763 'indefensum
578 4695 606 4746 ln
641 4691 837 4762 Hemingburgh
883 4694 914 4743 of
944 4690 1141 4758 Hemingburgh
1168 4688 1192 4741 la
1222 4692 1279 4741 “at
1306 4692 1387 4744 none

335 4778 388 4844 (ed
411 4774 569 4842 llamilton),
585 4776 631 4826 but
649 4774 779 4840 erldently
805 4788 839 4824 an
884 4771 1049 4822 “admutun
1069 4768 1203 4820 laborantis
1218 4770 1384 4823 aeritur

333 4870 414 4916 error;
432 4858 560 4908 corrected
571 4856 636 4906 from
647 4854 718 4908 Ilsrl.
729 4859 777 4906 665
789 4855 839 4904 and
884 4850 952 4901 That
963 4849 995 4901 οἲ
1001 4848 1073 4901 llarl.
1083 4854 1131 4901 655
1141 4848 1383 4916 ειιάΠὼίιιςὴιω,

333 4934 487 5001 tbeprlnted
497 4941 573 4989 texts.
884 4928 1201 4996 ssgiven,ispretersble.

370 5017 448 5069 ¹'l'lre
458 5019 565 5084 reading
585 5017 643 5068 here
663 5014 689 5066 ln
708 5014 751 5067 the
762 5012 838 5068 MSS.
