3750 6250
755 1132 919 1187 meronie
942 1136 1146 1187 incurerre
1409 1125 1470 1194 471

294 1321 314 1373 3.
325 1320 396 1372 Bibl.
465 1312 587 1378 Deinde,
607 1331 674 1369 eum
693 1315 794 1371 eadem
817 1315 904 1371 turba
926 1313 1134 1385 regrediuntur·
1152 1313 1189 1368 ad
1206 1312 1318 1378 villam,
1339 1313 1391 1366 ubi
1410 1312 1473 1382 jam
1485 1320 1554 1373 Δ.1).
1569 1328 1638 1376 lael.

294 1404 320 1467 gt·
336 1395 368 1441 ¹3
429 1398 619 1469 expectabant
653 1417 754 1455 eorum
790 1400 918 1456 reditum
954 1400 990 1454 de
1021 1399 1100 1455 villis
1130 1398 1404 1469 circumjacentibus
1444 1403 1474 1452 et
1485 1413 1511 1463 Α
1523 1424 1593 1480 great

295 1471 337 1508 11.

429 1482 555 1538 dominio
578 1484 749 1540 Monasterii
769 1485 882 1551 rustici,
909 1489 940 1541 et
964 1501 1131 1540 communes
1162 1484 1212 1554 qui
1243 1501 1297 1554 per
1325 1499 1385 1549 eos,
1416 1501 1474 1537 non
1485 1483 1617 1561 multitude

428 1567 539 1633 ¹inviti,
574 1569 658 1625 citati
696 1576 901 1635 convenerant,
934 1568 992 1624 duo
1021 1569 1116 1624 millia
1140 1567 1188 1624 vel
1223 1566 1348 1639 amplius
1387 1550 1605 1629 ribal-‘lfm'lff'

427 1652 540 1707 eorum.
589 1653 738 1709 oederent
766 1671 892 1726 nemque
921 1653 952 1708 in
970 1652 1115 1708 manans
1139 1652 1305 1708 nominihus
1335 1650 1473 1706 vaurum
1484 1623 1603 1735 ξξῇζζξᾱ
1614 1692 1640 1735 a

427 1736 463 1791 de
487 1738 622 1795 libertate
657 1739 757 1795 Sancti
781 1738 898 1803 Albani,
925 1743 967 1803 ut,
995 1736 1073 1792 omni
1092 1738 1274 1793 excusatione
1301 1735 1470 1808 postposita,
1485 1749 1558 1799 sgint

426 1826 456 1876 et
479 1822 535 1878 sub
556 1841 644 1895 poena
670 1823 832 1894 praemissa,
864 1827 1071 1878 concurrerent
1094 1822 1181 1878 simul
1212 1827 1242 1876 et
1271 1821 1371 1885 semel,
1398 1817 1597 1892 peti-albans.

428 1907 486 1961 turi
515 1915 545 1962 et
573 1908 703 1964 habituri
722 1908 873 1963 libertates
904 1924 1093 1978 quascunque
1131 1914 1231 1978 petere
1258 1905 1467 1971 decrevissent,

426 1995 456 2044 ot
484 1997 518 2047 nt
552 1993 666 2047 nullum
702 1993 905 2064 permitterent
937 2008 1112 2063 generosum
1142 1990 1220 2045 domi
1250 1990 1388 2054 residere,
1421 1989 1473 2045 sed

425 2092 524 2130 omncs
543 2095 642 2132 secum
660 2077 801 2132 ducerent
818 2077 849 2130 in
872 2075 1014 2131 auxilium
1032 2075 1199 2131 eorundem.
1237 2073 1378 2129 Nolentes
1401 2090 1472 2128 vero

423 2177 490 2214 cum
511 2160 554 2215 eis
573 2160 765 2217 communiter
782 2178 920 2233 pergere,
936 2169 968 2215 et
985 2160 1072 2215 fidem
1094 2160 1136 2214 eis
1156 2160 1262 2222 faeere,
1283 2157 1471 2225 decollarent,

422 2250 453 2299 ot
481 2261 581 2300 eorum
610 2245 777 2301 habitacula
805 2245 956 2300 diruerent
983 2251 1034 2299 aut
1057 2243 1288 2313 conflagrarent;
1320 2243 1363 2297 sio
1390 2242 1471 2296 enim

421 2328 549 2385 docendo
565 2336 745 2402 praeceperat
768 2330 811 2386 eis
832 2330 980 2386 Walterus
1004 2329 1102 2401 Tylen,
1122 2327 1257 2384 dominus
1282 2332 1312 2383 et
1328 2328 1471 2396 magister

421 2413 560 2483 ipsorum.
598 2414 732 2486 Cumque
754 2414 900 2469 vidissent
921 2413 1038 2470 turbam
1057 2430 1123 2484 qum
1141 2419 1316 2468 convenerat
1339 2412 1470 2482 ipsorum

417 2497 513 2568 jussu,
532 2515 654 2570 magnos
678 2516 710 2555 se
730 2504 910 2571 reputantes,
942 2514 1000 2552 non
1024 2498 1138 2553 modice
1162 2497 1317 2552 confortati
1343 2502 1421 2560 sunt,
1441 2503 1472 2550 et

421 2582 566 2637 elevatum
586 2589 632 2639 est
658 2602 707 2640 cor
725 2601 847 2648 eorum3
874 2599 999 2653 moxque
1024 2581 1183 2652 jungentes
1211 2581 1355 2645 dexteras,
1382 2581 1470 2634 fidem

421 2674 594 2737 acceperunt
622 2668 659 2722 ab
688 2669 815 2725 invicem
839 2674 868 2722 et
892 2666 1043 2721 dederunt.
1099 2666 1212 2721 Deinde
1237 2684 1304 2722 cum
1335 2664 1471 2737 superbia

420 2768 526 2822 magna
543 2752 581 2807 ad
598 2757 696 2823 portas
717 2750 888 2808 Monasterii
906 2756 1109 2822 properarunt,
1129 2750 1358 2806 demonstraturi
1377 2768 1468 2821 quan·

422 2840 480 2888 tam
511 2840 684 2907 potestatem
711 2836 809 2907 adepti
840 2835 956 2889 lucrant
982 2834 1018 2889 de
1045 2833 1176 2890 Waltero
1205 2832 1355 2905 praedic‘to.
1395 2833 1470 2890 Gum
1482 2824 1555 2956 ἓξὲξ
1553 2837 1638 2942 301¹?

420 2918 519 2990 itaque
542 2920 745 2992 pervenissent
765 2920 802 2975 ud
822 2927 930 2992 portas,
960 2937 1026 2990 qum
1054 2918 1098 2973 eis
1122 2925 1235 2990 apertae
1255 2920 1383 2983 fuerunt,
1406 2936 1467 2973 car·
1482 2958 1631 3009 thereme

420 3021 517 3058 cerem
534 3023 552 3059 a
566 3004 693 3076 janitore
710 3004 771 3059 illis
788 3004 915 3075 ’aperiri
934 3020 1002 3058 cum
1019 3000 1182 3057 ³indicibili
1204 3004 1283 3059 fastu
1305 3003 1467 3074 jusserunt.
1482 3026 1586 3089 owed,

421 3085 477 3156 Qui
503 3107 560 3144 non
582 3090 721 3162 ⁴ignarus
742 3089 778 3144 de
803 3089 921 3144 illorum
948 3087 1105 3161 proposito,
1135 3087 1208 3158 quid
1230 3087 1369 3145 videlicet
1398 3092 1637 3158 prm-andraeam

421 3175 535 3244 cepturi
553 3174 609 3230 sibi
631 3176 755 3239 fueraut,
776 3173 884 3246 quidve
903 3173 1123 3238 facturi-nam
1135 3172 1235 3227 Abbas
1256 3190 1310 3245 per
1327 3172 1470 3244 quosdam
1482 3160 1525 3210 ¹¹¹⁰
1535 3158 1585 3224 1³¹4·

420 3256 457 3311 de
474 3258 603 3326 villenis,
623 3277 747 3331 quorum
773 3257 913 3330 tetigerat
931 3257 1012 3313 Deus
1031 3257 1128 3322 cordo,
1150 3256 1263 3313 occulto
1280 3257 1318 3312 de
1336 3255 1470 3312 omnibus
1484 3242 1576 3278 mm·

419 3342 538 3398 edoctus
565 3344 670 3408 suerat,
697 3350 728 3399 et
752 3343 824 3414 quid
850 3343 981 3398 facturus
1008 3347 1086 3397 esset
1112 3341 1246 3412 ⁶janit0r‚
1267 3342 1470 3405 edocuerat,-

422 3427 574 3483 conlestim
604 3428 680 3483 ostia
709 3427 834 3484 carceris
872 3426 1023 3482 reseravit.
1081 3425 1214 3496 ingressi
1243 3444 1316 3497 ergo
1351 3432 1470 3481 cunctos

421 3511 534 3569 vinctos
552 3511 724 3578 eduxerunt,
744 3518 775 3568 ct
791 3512 899 3567 liberos
918 3512 999 3566 abire
1021 3511 1182 3582 jusserunt,
1208 3509 1251 3566 ita
1268 3510 1417 3575 duntaxat,
1437 3516 1471 3565 ut

415 3596 619 3653 communitati
645 3597 732 3651 fidem
750 3597 787 3652 dc
805 3603 910 3652 cratero
928 3596 1068 3650 deberent
1093 3601 1124 3650 ot
1149 3595 1286 3666 gratiam,
1307 3601 1338 3650 et
1357 3595 1400 3650 eis
1426 3594 1469 3648 in-

419 3681 621 3751 separabiliter
633 3681 824 3737 adhererent.
857 3680 1018 3750 Quemdam
1030 3685 1128 3735 autern
1142 3696 1230 3749 quem
1241 3685 1334 3734 morte
1346 3678 1469 3751 dignum
1483 3684 1539 3736 ene
1551 3684 1580 3734 of
1587 3685 1630 3737 the

415 3764 594 3835 judicabant,
625 3765 703 3822 inter
728 3766 801 3821 alios
832 3771 993 3820 extractum
1026 3763 1062 3820 de
1095 3781 1222 3829 earcere,
1257 3764 1323 3834 ipsi,
1352 3764 1468 3835 jndices
1481 3751 1609 3830 P¹l⁸⁰¹1⁰f⁸

418 3849 514 3905 effecti
531 3857 562 3906 et
579 3849 739 3916 carnifices,
765 3849 984 3905 decollaverunt
1008 3849 1040 3904 in
1063 3849 1147 3920 larga
1170 3854 1251 3904 terra
1274 3854 1341 3905 ante
1362 3821 1636 3936 jannaeffeffiecuoed

419 3933 593 4002 Abbathiae3
613 3941 644 3991 et
667 3941 765 4007 caput,
791 3953 858 3991 cum
876 3935 1002 3990 clamore
1028 3932 1171 3990 diabolico
1196 3951 1284 4006 quem
1311 3933 1469 3989 londoniis
1498 3903 1516 3951 y
1555 3902 1603 3938 ω’

417 4017 581 4075 didicerant
607 4019 639 4075 in
663 4019 855 4076 decollatione
878 4018 1110 4090 Archiepiscopi,
1137 4019 1300 4075 deserentes
1324 4018 1361 4073 ud
1385 4018 1467 4074 colli-

418 4104 556 4176 strigium
574 4105 605 4160 in
630 4105 755 4161 sublime
779 4106 913 4170 fixerunt,
933 4109 969 4159 ut
988 4105 1101 4159 cunctis
1122 4109 1287 4175 patesceret
1310 4121 1359 4159 eos
1384 4103 1467 4158 novis

418 4189 461 4243 uti
480 4207 565 4262 posse
583 4188 710 4260 legibus,
730 4189 814 4246 novis
845 4189 934 4244 fultos
966 4206 1030 4244 esse
1057 4188 1232 4259 privilegiis.
1278 4187 1345 4243 Non
1374 4188 1467 4242 multo
1481 4175 1608 4256 sfljeym*

417 4280 485 4345 poet
501 4273 581 4332 istud
599 4275 721 4343 factum,
741 4279 885 4332 venerunt
902 4280 932 4330 et
950 4272 1052 4330 villani
1082 4272 1119 4328 de
1148 4273 1268 4339 Barnet,
1288 4272 1406 4330 villanis
1432 4245 1617 4361 deff&-

1483 4385 1558 4442 genta
1569 4378 1635 4428 from

1482 4446 1582 4495 Bamet.

430 4519 659 4528 .-—-—-——-
1082 4516 1379 4524 m..———-.—.<.--.-..„
1394 4519 1398 4522 .

451 4653 570 4702 'invitati
580 4652 651 4704 citati
668 4652 694 4701 iu
718 4652 780 4718 orig.
796 4673 803 4711 3
822 4651 920 4701 inritati
1000 4646 1151 4699 ⁸indiscitili
1179 4649 1207 4698 in
1230 4648 1293 4715 orig.
1325 4650 1377 4700 end
1399 4647 1467 4699 Bibl.

416 4731 460 4782 sed
468 4734 539 4782 citati
548 4732 576 4782 lu
588 4733 631 4783 the
640 4732 739 4798 printed
748 4738 822 4782 texte.
857 4731 919 4782 Cor·
966 4727 1029 4795 Reg.
1045 4729 1116 4779 1311.
1129 4728 1164 4779 ix.

417 4814 501 4864 reeted
512 4812 577 4862 from
588 4812 656 4862 Bibl.
668 4812 733 4876 Reg.
748 4817 778 4860 13
789 4811 819 4861 Ε.
831 4809 868 4861 ix.
1000 4811 1008 4838 ⁴
1021 4809 1121 4873 ipram
1133 4807 1225 4860 illorum
1238 4809 1361 4875 propositi
1377 4806 1404 4860 ln
1422 4809 1464 4861 the

449 4895 460 4922 ²
471 4886 572 4960 rupicri
586 4891 614 4941 in
631 4890 704 4958 orig„
716 4890 802 4956 reperi
812 4889 839 4939 iu
851 4890 918 4940 Bibl.
966 4887 1067 4954 printed
1078 4895 1153 4940 texts.

418 4971 481 5038 Reg.
512 4977 541 5021 13
569 4971 598 5021 R
622 4971 674 5032 ix.;
703 4971 797 5036 operiri
821 4970 848 5020 iu
876 4970 919 5021 the
998 4972 1008 5000 ⁵
1013 4970 1145 5036 janitorem
1156 4970 1183 5022 iu
1195 4971 1238 5022 the
1249 4969 1349 5035 printed
1362 4978 1436 5023 texts.

419 5051 519 5117 printed
529 5059 605 5102 texte.
