<?xml version="1.0" encoding="UTF-8"?>
<!DOCTYPE html PUBLIC "-//W3C//DTD XHTML 1.0 Transitional//EN"
    "http://www.w3.org/TR/xhtml1/DTD/xhtml1-transitional.dtd">
<html xmlns="http://www.w3.org/1999/xhtml" xml:lang="en" lang="en">
 <head>
  <title>
</title>
<meta http-equiv="Content-Type" content="text/html;charset=utf-8" />
  <meta name='ocr-system' content='tesseract 3.04.00' />
  <meta name='ocr-capabilities' content='ocr_page ocr_carea ocr_par ocr_line ocrx_word'/>
</head>
<body>
  <div class='ocr_page' id='page_1' title='image "./thomaewalsingha00rilegoog_0077.png"; bbox 0 0 3750 6250; ppageno 0'>
   <div class='ocr_carea' id='block_1_1' title="bbox 694 1076 1412 1146">
    <p class='ocr_par' dir='ltr' id='par_1_1' title="bbox 694 1076 1412 1146">
     <span class='ocr_line' id='line_1_1' title="bbox 694 1076 1412 1146; baseline -0.007 -1"><span class='ocrx_word' id='word_1_1' title='bbox 694 1093 1083 1146; x_wconf 78' lang='lat' dir='ltr'>meronmauemcaai.</span> <span class='ocrx_word' id='word_1_2' title='bbox 1370 1076 1412 1140; x_wconf 85' lang='grc'>39</span> 
     </span>
    </p>
   </div>
   <div class='ocr_carea' id='block_1_2' title="bbox 199 1273 1581 3792">
    <p class='ocr_par' dir='ltr' id='par_1_2' title="bbox 199 1273 1581 3792">
     <span class='ocr_line' id='line_1_2' title="bbox 199 1273 1580 1353; baseline -0.006 -13"><span class='ocrx_word' id='word_1_3' title='bbox 199 1288 349 1353; x_wconf 59' lang='lat' dir='ltr'>hunger.</span> <span class='ocrx_word' id='word_1_4' title='bbox 368 1278 506 1335; x_wconf 83' lang='lat' dir='ltr'>Sanctam</span> <span class='ocrx_word' id='word_1_5' title='bbox 536 1280 672 1346; x_wconf 82' lang='lat' dir='ltr'>invitans,</span> <span class='ocrx_word' id='word_1_6' title='bbox 703 1278 807 1337; x_wconf 89' lang='lat' dir='ltr'>ducem</span> <span class='ocrx_word' id='word_1_7' title='bbox 832 1286 862 1337; x_wconf 92' lang='lat' dir='ltr'>et</span> <span class='ocrx_word' id='word_1_8' title='bbox 888 1281 1071 1352; x_wconf 74' lang='lat' dir='ltr'>capitaneum</span> <span class='ocrx_word' id='word_1_9' title='bbox 1100 1280 1230 1335; x_wconf 91' lang='lat' dir='ltr'>omnium</span> <span class='ocrx_word' id='word_1_10' title='bbox 1263 1276 1416 1334; x_wconf 88' lang='lat' dir='ltr'>constituit</span> <span class='ocrx_word' id='word_1_11' title='bbox 1469 1274 1539 1325; x_wconf 71' lang='lat' dir='ltr'>AD·</span> <span class='ocrx_word' id='word_1_12' title='bbox 1576 1273 1580 1281; x_wconf 86' lang='grc'><em>“</em></span> 
     </span>
     <span class='ocr_line' id='line_1_3' title="bbox 199 1346 1581 1420; baseline -0.001 -28"><span class='ocrx_word' id='word_1_13' title='bbox 199 1354 250 1407; x_wconf 66' lang='grc'>13,</span> <span class='ocrx_word' id='word_1_14' title='bbox 260 1355 333 1407; x_wconf 52' lang='grc' dir='ltr'>ΒῙΗ,</span> <span class='ocrx_word' id='word_1_15' title='bbox 367 1364 610 1420; x_wconf 47' lang='lat' dir='ltr'>Christianorum.</span> <span class='ocrx_word' id='word_1_16' title='bbox 1429 1346 1581 1391; x_wconf 62' lang='lat' dir='ltr'><strong>Mill-1292.</strong></span> 
     </span>
     <span class='ocr_line' id='line_1_4' title="bbox 199 1423 1533 1539; baseline -0.003 -34"><span class='ocrx_word' id='word_1_17' title='bbox 199 1423 256 1539; x_wconf 50' lang='lat'>{5¹</span> <span class='ocrx_word' id='word_1_18' title='bbox 271 1427 303 1472; x_wconf 75' lang='lat'>¹³</span> <span class='ocrx_word' id='word_1_19' title='bbox 400 1448 467 1505; x_wconf 91' lang='lat' dir='ltr'>Hoe</span> <span class='ocrx_word' id='word_1_20' title='bbox 491 1467 565 1505; x_wconf 87' lang='lat' dir='ltr'>anno</span> <span class='ocrx_word' id='word_1_21' title='bbox 592 1451 711 1507; x_wconf 86' lang='lat' dir='ltr'>suborta</span> <span class='ocrx_word' id='word_1_22' title='bbox 734 1457 780 1506; x_wconf 84' lang='lat' dir='ltr'>eat</span> <span class='ocrx_word' id='word_1_23' title='bbox 805 1449 952 1505; x_wconf 84' lang='lat' dir='ltr'>discordia</span> <span class='ocrx_word' id='word_1_24' title='bbox 976 1449 1053 1505; x_wconf 88' lang='lat' dir='ltr'>inter</span> <span class='ocrx_word' id='word_1_25' title='bbox 1069 1446 1210 1520; x_wconf 88' lang='lat' dir='ltr'>Anglicos</span> <span class='ocrx_word' id='word_1_26' title='bbox 1228 1452 1259 1503; x_wconf 85' lang='lat' dir='ltr'>et</span> <span class='ocrx_word' id='word_1_27' title='bbox 1275 1445 1412 1511; x_wconf 76' lang='lat' dir='ltr'><strong>Francos,</strong></span> <span class='ocrx_word' id='word_1_28' title='bbox 1426 1451 1533 1514; x_wconf 84' lang='lat' dir='ltr'>Quarrel</span> 
     </span>
     <span class='ocr_line' id='line_1_5' title="bbox 235 1503 1538 1605; baseline -0.002 -18"><span class='ocrx_word' id='word_1_29' title='bbox 235 1503 275 1539; x_wconf 51' lang='grc' dir='ltr'>α’</span> <span class='ocrx_word' id='word_1_30' title='bbox 365 1532 567 1604; x_wconf 81' lang='lat' dir='ltr'>hujuscemodi</span> <span class='ocrx_word' id='word_1_31' title='bbox 585 1535 744 1589; x_wconf 76' lang='lat' dir='ltr'><strong>occasione.</strong></span> <span class='ocrx_word' id='word_1_32' title='bbox 782 1533 848 1589; x_wconf 92' lang='lat' dir='ltr'>Duo</span> <span class='ocrx_word' id='word_1_33' title='bbox 865 1540 971 1604; x_wconf 84' lang='lat' dir='ltr'>nautae,</span> <span class='ocrx_word' id='word_1_34' title='bbox 991 1551 1116 1605; x_wconf 89' lang='lat' dir='ltr'>quorum</span> <span class='ocrx_word' id='word_1_35' title='bbox 1133 1550 1209 1587; x_wconf 87' lang='lat' dir='ltr'>unus</span> <span class='ocrx_word' id='word_1_36' title='bbox 1229 1537 1292 1587; x_wconf 89' lang='lat' dir='ltr'>crat</span> <span class='ocrx_word' id='word_1_37' title='bbox 1309 1529 1413 1601; x_wconf 85' lang='lat' dir='ltr'>Angli·</span> <span class='ocrx_word' id='word_1_38' title='bbox 1426 1520 1538 1571; x_wconf 63' lang='lat' dir='ltr'>belm</span> 
     </span>
     <span class='ocr_line' id='line_1_6' title="bbox 364 1585 1547 1702; baseline -0.002 -32"><span class='ocrx_word' id='word_1_39' title='bbox 364 1634 427 1683; x_wconf 87' lang='lat' dir='ltr'>eus,</span> <span class='ocrx_word' id='word_1_40' title='bbox 441 1617 515 1672; x_wconf 86' lang='lat' dir='ltr'>alter</span> <span class='ocrx_word' id='word_1_41' title='bbox 530 1618 661 1673; x_wconf 87' lang='lat' dir='ltr'>Gallicus</span> <span class='ocrx_word' id='word_1_42' title='bbox 675 1616 712 1673; x_wconf 89' lang='lat' dir='ltr'>de</span> <span class='ocrx_word' id='word_1_43' title='bbox 723 1618 912 1684; x_wconf 86' lang='lat' dir='ltr'>Normannia,</span> <span class='ocrx_word' id='word_1_44' title='bbox 932 1623 1128 1674; x_wconf 87' lang='lat' dir='ltr'>convenerunt</span> <span class='ocrx_word' id='word_1_45' title='bbox 1145 1615 1222 1689; x_wconf 90' lang='lat' dir='ltr'>apud</span> <span class='ocrx_word' id='word_1_46' title='bbox 1240 1615 1414 1671; x_wconf 83' lang='lat' dir='ltr'>Gazconiam</span> <span class='ocrx_word' id='word_1_47' title='bbox 1426 1585 1547 1702; x_wconf 44' lang='grc' dir='ltr'>ἕξω</span> 
     </span>
     <span class='ocr_line' id='line_1_7' title="bbox 364 1699 1532 1775; baseline -0.001 -19"><span class='ocrx_word' id='word_1_48' title='bbox 364 1699 402 1756; x_wconf 86' lang='lat' dir='ltr'>ad</span> <span class='ocrx_word' id='word_1_49' title='bbox 420 1702 575 1771; x_wconf 88' lang='lat' dir='ltr'>quemdam</span> <span class='ocrx_word' id='word_1_50' title='bbox 592 1704 711 1767; x_wconf 84' lang='lat' dir='ltr'>fontem,</span> <span class='ocrx_word' id='word_1_51' title='bbox 729 1708 764 1759; x_wconf 93' lang='lat' dir='ltr'>ut</span> <span class='ocrx_word' id='word_1_52' title='bbox 788 1703 939 1758; x_wconf 71' lang='lat' dir='ltr'>haurirent</span> <span class='ocrx_word' id='word_1_53' title='bbox 962 1720 1083 1775; x_wconf 86' lang='lat' dir='ltr'>nquam;</span> <span class='ocrx_word' id='word_1_54' title='bbox 1110 1702 1162 1757; x_wconf 89' lang='lat' dir='ltr'>ubi</span> <span class='ocrx_word' id='word_1_55' title='bbox 1179 1701 1321 1757; x_wconf 89' lang='lat' dir='ltr'>dissensio</span> <span class='ocrx_word' id='word_1_56' title='bbox 1338 1700 1416 1755; x_wconf 85' lang='lat' dir='ltr'>facta</span> <span class='ocrx_word' id='word_1_57' title='bbox 1426 1720 1532 1771; x_wconf 48' lang='lat' dir='ltr'>pm„</span> 
     </span>
     <span class='ocr_line' id='line_1_8' title="bbox 364 1784 1414 1860; baseline -0.002 -19"><span class='ocrx_word' id='word_1_58' title='bbox 364 1791 420 1850; x_wconf 86' lang='lat' dir='ltr'>eat,</span> <span class='ocrx_word' id='word_1_59' title='bbox 440 1786 510 1841; x_wconf 90' lang='lat' dir='ltr'>dum</span> <span class='ocrx_word' id='word_1_60' title='bbox 528 1788 652 1859; x_wconf 88' lang='lat' dir='ltr'>quisque</span> <span class='ocrx_word' id='word_1_61' title='bbox 676 1788 781 1843; x_wconf 90' lang='lat' dir='ltr'>nititur</span> <span class='ocrx_word' id='word_1_62' title='bbox 805 1789 888 1860; x_wconf 87' lang='lat' dir='ltr'>prius</span> <span class='ocrx_word' id='word_1_63' title='bbox 912 1788 1040 1843; x_wconf 88' lang='lat' dir='ltr'>haurire.</span> <span class='ocrx_word' id='word_1_64' title='bbox 1068 1787 1201 1858; x_wconf 77' lang='lat' dir='ltr'>(lamque</span> <span class='ocrx_word' id='word_1_65' title='bbox 1219 1784 1330 1840; x_wconf 88' lang='lat' dir='ltr'>diutius</span> <span class='ocrx_word' id='word_1_66' title='bbox 1348 1800 1414 1839; x_wconf 90' lang='lat' dir='ltr'>oon·</span> 
     </span>
     <span class='ocr_line' id='line_1_9' title="bbox 364 1866 1415 1941; baseline -0.003 -17"><span class='ocrx_word' id='word_1_67' title='bbox 364 1870 534 1936; x_wconf 76' lang='lat' dir='ltr'>tendissent</span> <span class='ocrx_word' id='word_1_68' title='bbox 554 1877 584 1927; x_wconf 87' lang='lat' dir='ltr'>et</span> <span class='ocrx_word' id='word_1_69' title='bbox 600 1878 703 1927; x_wconf 85' lang='lat' dir='ltr'>mutua</span> <span class='ocrx_word' id='word_1_70' title='bbox 719 1872 845 1928; x_wconf 85' lang='lat' dir='ltr'>convitia</span> <span class='ocrx_word' id='word_1_71' title='bbox 857 1872 984 1928; x_wconf 84' lang='lat' dir='ltr'>invicem</span> <span class='ocrx_word' id='word_1_72' title='bbox 999 1871 1175 1934; x_wconf 75' lang='lat' dir='ltr'>intulissent,</span> <span class='ocrx_word' id='word_1_73' title='bbox 1194 1869 1309 1941; x_wconf 87' lang='lat' dir='ltr'>paravit</span> <span class='ocrx_word' id='word_1_74' title='bbox 1324 1866 1415 1923; x_wconf 87' lang='lat' dir='ltr'><strong>Galli·</strong></span> 
     </span>
     <span class='ocr_line' id='line_1_10' title="bbox 365 1952 1414 2028; baseline -0.003 -19"><span class='ocrx_word' id='word_1_75' title='bbox 365 1972 418 2010; x_wconf 89' lang='lat' dir='ltr'>cus</span> <span class='ocrx_word' id='word_1_76' title='bbox 437 1953 596 2027; x_wconf 88' lang='lat' dir='ltr'>Anglicum</span> <span class='ocrx_word' id='word_1_77' title='bbox 620 1963 771 2028; x_wconf 88' lang='lat' dir='ltr'>percutere</span> <span class='ocrx_word' id='word_1_78' title='bbox 795 1957 931 2028; x_wconf 89' lang='lat' dir='ltr'>pugione.</span> <span class='ocrx_word' id='word_1_79' title='bbox 971 1956 1030 2012; x_wconf 85' lang='lat' dir='ltr'>Sed</span> <span class='ocrx_word' id='word_1_80' title='bbox 1048 1954 1201 2026; x_wconf 85' lang='lat' dir='ltr'>Anglicus,</span> <span class='ocrx_word' id='word_1_81' title='bbox 1227 1954 1319 2009; x_wconf 81' lang='lat' dir='ltr'>vitato</span> <span class='ocrx_word' id='word_1_82' title='bbox 1338 1952 1414 2024; x_wconf 89' lang='lat' dir='ltr'>peri·</span> 
     </span>
     <span class='ocr_line' id='line_1_11' title="bbox 365 2037 1413 2113; baseline -0.003 -19"><span class='ocrx_word' id='word_1_83' title='bbox 365 2038 442 2105; x_wconf 92' lang='lat' dir='ltr'>culo,</span> <span class='ocrx_word' id='word_1_84' title='bbox 469 2039 574 2096; x_wconf 75' lang='lat' dir='ltr'><strong>Gallici</strong></span> <span class='ocrx_word' id='word_1_85' title='bbox 600 2059 731 2113; x_wconf 86' lang='lat' dir='ltr'>pugnum</span> <span class='ocrx_word' id='word_1_86' title='bbox 755 2043 858 2106; x_wconf 88' lang='lat' dir='ltr'>tenuit,</span> <span class='ocrx_word' id='word_1_87' title='bbox 888 2059 946 2112; x_wconf 92' lang='lat' dir='ltr'>quo</span> <span class='ocrx_word' id='word_1_88' title='bbox 971 2041 1103 2112; x_wconf 78' lang='lat' dir='ltr'><strong>gladium</strong></span> <span class='ocrx_word' id='word_1_89' title='bbox 1126 2040 1244 2094; x_wconf 88' lang='lat' dir='ltr'>tenebat</span> <span class='ocrx_word' id='word_1_90' title='bbox 1270 2037 1413 2103; x_wconf 86' lang='lat' dir='ltr'>strictum,</span> 
     </span>
     <span class='ocr_line' id='line_1_12' title="bbox 365 2124 1416 2196; baseline -0.001 -19"><span class='ocrx_word' id='word_1_91' title='bbox 365 2141 434 2178; x_wconf 92' lang='lat' dir='ltr'>oum</span> <span class='ocrx_word' id='word_1_92' title='bbox 459 2125 571 2196; x_wconf 88' lang='lat' dir='ltr'>eripere</span> <span class='ocrx_word' id='word_1_93' title='bbox 595 2126 696 2181; x_wconf 84' lang='lat' dir='ltr'>volens</span> <span class='ocrx_word' id='word_1_94' title='bbox 720 2126 786 2182; x_wconf 84' lang='lat' dir='ltr'><strong>sibi.</strong></span> <span class='ocrx_word' id='word_1_95' title='bbox 832 2126 958 2191; x_wconf 75' lang='lat' dir='ltr'>Interea,</span> <span class='ocrx_word' id='word_1_96' title='bbox 984 2125 1090 2181; x_wconf 86' lang='lat' dir='ltr'>occidit</span> <span class='ocrx_word' id='word_1_97' title='bbox 1118 2124 1304 2180; x_wconf 86' lang='lat' dir='ltr'>Normannus</span> <span class='ocrx_word' id='word_1_98' title='bbox 1328 2138 1416 2194; x_wconf 86' lang='lat' dir='ltr'>super</span> 
     </span>
     <span class='ocr_line' id='line_1_13' title="bbox 365 2205 1416 2281; baseline 0.001 -20"><span class='ocrx_word' id='word_1_99' title='bbox 365 2225 534 2263; x_wconf 88' lang='lat' dir='ltr'>mucronem</span> <span class='ocrx_word' id='word_1_100' title='bbox 552 2226 647 2275; x_wconf 89' lang='lat' dir='ltr'>sunm,</span> <span class='ocrx_word' id='word_1_101' title='bbox 666 2211 875 2281; x_wconf 86' lang='lat' dir='ltr'>confossusque</span> <span class='ocrx_word' id='word_1_102' title='bbox 892 2210 981 2265; x_wconf 92' lang='lat' dir='ltr'>morti</span> <span class='ocrx_word' id='word_1_103' title='bbox 998 2209 1144 2279; x_wconf 87' lang='lat' dir='ltr'>subjacuit</span> <span class='ocrx_word' id='word_1_104' title='bbox 1159 2226 1212 2264; x_wconf 87' lang='lat' dir='ltr'>auo</span> <span class='ocrx_word' id='word_1_105' title='bbox 1223 2225 1301 2263; x_wconf 87' lang='lat' dir='ltr'>casu.</span> <span class='ocrx_word' id='word_1_106' title='bbox 1340 2205 1416 2262; x_wconf 77' lang='lat' dir='ltr'>(lum</span> 
     </span>
     <span class='ocr_line' id='line_1_14' title="bbox 366 2290 1417 2364; baseline -0.001 -18"><span class='ocrx_word' id='word_1_107' title='bbox 366 2310 436 2347; x_wconf 87' lang='lat' dir='ltr'>vero</span> <span class='ocrx_word' id='word_1_108' title='bbox 461 2310 546 2348; x_wconf 83' lang='lat' dir='ltr'>casus</span> <span class='ocrx_word' id='word_1_109' title='bbox 572 2294 629 2350; x_wconf 85' lang='lat' dir='ltr'>iate</span> <span class='ocrx_word' id='word_1_110' title='bbox 658 2293 835 2350; x_wconf 86' lang='lat' dir='ltr'>Normannia</span> <span class='ocrx_word' id='word_1_111' title='bbox 865 2294 971 2349; x_wconf 83' lang='lat' dir='ltr'>fuisset</span> <span class='ocrx_word' id='word_1_112' title='bbox 997 2293 1140 2364; x_wconf 90' lang='lat' dir='ltr'>cognitus,</span> <span class='ocrx_word' id='word_1_113' title='bbox 1171 2290 1318 2363; x_wconf 80' lang='lat' dir='ltr'>persecuti</span> <span class='ocrx_word' id='word_1_114' title='bbox 1348 2294 1417 2346; x_wconf 88' lang='lat' dir='ltr'>sunt</span> 
     </span>
     <span class='ocr_line' id='line_1_15' title="bbox 365 2361 1416 2448; baseline -0.001 -18"><span class='ocrx_word' id='word_1_115' title='bbox 365 2376 533 2448; x_wconf 86' lang='lat' dir='ltr'>Anglicum,</span> <span class='ocrx_word' id='word_1_116' title='bbox 547 2382 582 2432; x_wconf 91' lang='lat' dir='ltr'>ut</span> <span class='ocrx_word' id='word_1_117' title='bbox 599 2378 629 2433; x_wconf 92' lang='lat' dir='ltr'>in</span> <span class='ocrx_word' id='word_1_118' title='bbox 646 2396 714 2433; x_wconf 89' lang='lat' dir='ltr'>eum</span> <span class='ocrx_word' id='word_1_119' title='bbox 731 2396 832 2433; x_wconf 90' lang='lat' dir='ltr'>necem</span> <span class='ocrx_word' id='word_1_120' title='bbox 844 2379 916 2434; x_wconf 88' lang='lat' dir='ltr'><strong>socii</strong></span> <span class='ocrx_word' id='word_1_121' title='bbox 934 2361 1148 2442; x_wconf 73' lang='lat' dir='ltr'>¹vindtcarenl;</span> <span class='ocrx_word' id='word_1_122' title='bbox 1168 2376 1220 2432; x_wconf 86' lang='lat' dir='ltr'>sed</span> <span class='ocrx_word' id='word_1_123' title='bbox 1230 2381 1336 2440; x_wconf 76' lang='lat' dir='ltr'>nautae,</span> <span class='ocrx_word' id='word_1_124' title='bbox 1349 2392 1416 2429; x_wconf 91' lang='lat' dir='ltr'>oon·</span> 
     </span>
     <span class='ocr_line' id='line_1_16' title="bbox 366 2460 1417 2532; baseline -0.002 -17"><span class='ocrx_word' id='word_1_125' title='bbox 366 2462 437 2516; x_wconf 87' lang='lat' dir='ltr'><strong>socii</strong></span> <span class='ocrx_word' id='word_1_126' title='bbox 451 2460 581 2531; x_wconf 85' lang='lat' dir='ltr'>Anglici‚</span> <span class='ocrx_word' id='word_1_127' title='bbox 599 2462 742 2518; x_wconf 87' lang='lat' dir='ltr'>resistunt</span> <span class='ocrx_word' id='word_1_128' title='bbox 754 2463 941 2527; x_wconf 87' lang='lat' dir='ltr'>Normannis,</span> <span class='ocrx_word' id='word_1_129' title='bbox 961 2468 992 2517; x_wconf 88' lang='lat' dir='ltr'>ct</span> <span class='ocrx_word' id='word_1_130' title='bbox 1009 2462 1042 2517; x_wconf 88' lang='lat' dir='ltr'>fit</span> <span class='ocrx_word' id='word_1_131' title='bbox 1059 2462 1210 2517; x_wconf 90' lang='lat' dir='ltr'>conflictus</span> <span class='ocrx_word' id='word_1_132' title='bbox 1224 2460 1417 2532; x_wconf 81' lang='lat' dir='ltr'>gravissimus</span> 
     </span>
     <span class='ocr_line' id='line_1_17' title="bbox 366 2545 1416 2618; baseline 0 -20"><span class='ocrx_word' id='word_1_133' title='bbox 366 2545 444 2599; x_wconf 81' lang='lat' dir='ltr'>inter</span> <span class='ocrx_word' id='word_1_134' title='bbox 469 2563 527 2600; x_wconf 90' lang='lat' dir='ltr'>eos.</span> <span class='ocrx_word' id='word_1_135' title='bbox 570 2546 699 2601; x_wconf 78' lang='lat' dir='ltr'>Tandem</span> <span class='ocrx_word' id='word_1_136' title='bbox 718 2546 838 2618; x_wconf 88' lang='lat' dir='ltr'>Anglici</span> <span class='ocrx_word' id='word_1_137' title='bbox 858 2547 920 2601; x_wconf 89' lang='lat' dir='ltr'>sine</span> <span class='ocrx_word' id='word_1_138' title='bbox 947 2564 1054 2617; x_wconf 90' lang='lat' dir='ltr'>magno</span> <span class='ocrx_word' id='word_1_139' title='bbox 1081 2545 1232 2616; x_wconf 86' lang='lat' dir='ltr'>dispendio</span> <span class='ocrx_word' id='word_1_140' title='bbox 1252 2548 1416 2600; x_wconf 85' lang='lat' dir='ltr'>evaserunt.</span> 
     </span>
     <span class='ocr_line' id='line_1_18' title="bbox 365 2627 1420 2702; baseline 0.001 -20"><span class='ocrx_word' id='word_1_141' title='bbox 365 2627 448 2683; x_wconf 73' lang='lat' dir='ltr'>&#39;lunc</span> <span class='ocrx_word' id='word_1_142' title='bbox 465 2635 649 2685; x_wconf 81' lang='lat' dir='ltr'>accesserunt</span> <span class='ocrx_word' id='word_1_143' title='bbox 666 2629 704 2684; x_wconf 86' lang='lat' dir='ltr'>ad</span> <span class='ocrx_word' id='word_1_144' title='bbox 721 2630 891 2702; x_wconf 88' lang='lat' dir='ltr'>Philippum</span> <span class='ocrx_word' id='word_1_145' title='bbox 914 2629 1027 2700; x_wconf 83' lang='lat' dir='ltr'>Regem</span> <span class='ocrx_word' id='word_1_146' title='bbox 1048 2629 1188 2695; x_wconf 75' lang='lat' dir='ltr'>Francia,</span> <span class='ocrx_word' id='word_1_147' title='bbox 1209 2629 1316 2700; x_wconf 87' lang='lat' dir='ltr'>quibus</span> <span class='ocrx_word' id='word_1_148' title='bbox 1334 2632 1420 2700; x_wconf 87' lang='lat' dir='ltr'>grata</span> 
     </span>
     <span class='ocr_line' id='line_1_19' title="bbox 366 2711 1418 2785; baseline 0.001 -20"><span class='ocrx_word' id='word_1_149' title='bbox 366 2711 424 2767; x_wconf 85' lang='lat' dir='ltr'>suit</span> <span class='ocrx_word' id='word_1_150' title='bbox 438 2713 522 2783; x_wconf 90' lang='lat' dir='ltr'>regni</span> <span class='ocrx_word' id='word_1_151' title='bbox 536 2714 680 2780; x_wconf 67' lang='lat' dir='ltr'>turbatior</span> <span class='ocrx_word' id='word_1_152' title='bbox 698 2718 728 2769; x_wconf 88' lang='lat' dir='ltr'>et</span> <span class='ocrx_word' id='word_1_153' title='bbox 743 2714 807 2785; x_wconf 82' lang='lat' dir='ltr'>ejus</span> <span class='ocrx_word' id='word_1_154' title='bbox 818 2714 908 2768; x_wconf 88' lang='lat' dir='ltr'>bilem</span> <span class='ocrx_word' id='word_1_155' title='bbox 922 2720 1024 2768; x_wconf 89' lang='lat' dir='ltr'>contra</span> <span class='ocrx_word' id='word_1_156' title='bbox 1036 2711 1176 2784; x_wconf 89' lang='lat' dir='ltr'>Anglicos</span> <span class='ocrx_word' id='word_1_157' title='bbox 1192 2717 1418 2777; x_wconf 85' lang='lat' dir='ltr'>commoverunt,</span> 
     </span>
     <span class='ocr_line' id='line_1_20' title="bbox 367 2794 1420 2869; baseline 0.001 -20"><span class='ocrx_word' id='word_1_158' title='bbox 367 2794 496 2851; x_wconf 86' lang='lat' dir='ltr'>dicentes</span> <span class='ocrx_word' id='word_1_159' title='bbox 520 2802 606 2867; x_wconf 88' lang='lat' dir='ltr'>turpe</span> <span class='ocrx_word' id='word_1_160' title='bbox 631 2798 693 2851; x_wconf 85' lang='lat' dir='ltr'>fore</span> <span class='ocrx_word' id='word_1_161' title='bbox 719 2798 776 2852; x_wconf 85' lang='lat' dir='ltr'><strong>sihi</strong></span> <span class='ocrx_word' id='word_1_162' title='bbox 803 2798 942 2869; x_wconf 87' lang='lat' dir='ltr'>gentique</span> <span class='ocrx_word' id='word_1_163' title='bbox 970 2815 1040 2862; x_wconf 75' lang='lat' dir='ltr'>suae,</span> <span class='ocrx_word' id='word_1_164' title='bbox 1066 2802 1101 2851; x_wconf 88' lang='lat' dir='ltr'>ut</span> <span class='ocrx_word' id='word_1_165' title='bbox 1123 2814 1142 2851; x_wconf 87' lang='lat' dir='ltr'>a</span> <span class='ocrx_word' id='word_1_166' title='bbox 1164 2796 1296 2852; x_wconf 91' lang='lat' dir='ltr'>caudatis</span> <span class='ocrx_word' id='word_1_167' title='bbox 1321 2796 1420 2853; x_wconf 85' lang='lat' dir='ltr'>taliter</span> 
     </span>
     <span class='ocr_line' id='line_1_21' title="bbox 367 2879 1419 2952; baseline 0 -18"><span class='ocrx_word' id='word_1_168' title='bbox 367 2883 570 2935; x_wconf 85' lang='lat' dir='ltr'>tractarentur.</span> <span class='ocrx_word' id='word_1_169' title='bbox 608 2879 671 2935; x_wconf 80' lang='lat' dir='ltr'>Rex</span> <span class='ocrx_word' id='word_1_170' title='bbox 688 2898 759 2936; x_wconf 84' lang='lat' dir='ltr'>vero</span> <span class='ocrx_word' id='word_1_171' title='bbox 772 2880 865 2952; x_wconf 86' lang='lat' dir='ltr'>jussit</span> <span class='ocrx_word' id='word_1_172' title='bbox 881 2882 979 2936; x_wconf 87' lang='lat' dir='ltr'>nautis</span> <span class='ocrx_word' id='word_1_173' title='bbox 1004 2882 1075 2947; x_wconf 85' lang='lat' dir='ltr'>suis,</span> <span class='ocrx_word' id='word_1_174' title='bbox 1095 2886 1130 2934; x_wconf 89' lang='lat' dir='ltr'>ut</span> <span class='ocrx_word' id='word_1_175' title='bbox 1146 2881 1314 2951; x_wconf 88' lang='lat' dir='ltr'>ubicunque</span> <span class='ocrx_word' id='word_1_176' title='bbox 1338 2879 1419 2935; x_wconf 85' lang='lat' dir='ltr'><strong>obvi·</strong></span> 
     </span>
     <span class='ocr_line' id='line_1_22' title="bbox 368 2963 1421 3036; baseline 0.002 -19"><span class='ocrx_word' id='word_1_177' title='bbox 368 2971 452 3019; x_wconf 89' lang='lat' dir='ltr'>arent</span> <span class='ocrx_word' id='word_1_178' title='bbox 467 2964 612 3036; x_wconf 82' lang='lat' dir='ltr'>Anglicia,</span> <span class='ocrx_word' id='word_1_179' title='bbox 632 2965 669 3020; x_wconf 91' lang='lat' dir='ltr'>de</span> <span class='ocrx_word' id='word_1_180' title='bbox 686 2981 756 3020; x_wconf 89' lang='lat' dir='ltr'>nece</span> <span class='ocrx_word' id='word_1_181' title='bbox 777 2965 904 3020; x_wconf 90' lang='lat' dir='ltr'>consocii</span> <span class='ocrx_word' id='word_1_182' title='bbox 927 2969 1065 3036; x_wconf 82' lang='lat' dir='ltr'>caperent</span> <span class='ocrx_word' id='word_1_183' title='bbox 1088 2964 1237 3019; x_wconf 88' lang='lat' dir='ltr'>ultionem.</span> <span class='ocrx_word' id='word_1_184' title='bbox 1276 2963 1421 3019; x_wconf 76' lang='lat' dir='ltr'>Fervebat</span> 
     </span>
     <span class='ocr_line' id='line_1_23' title="bbox 367 3047 1418 3119; baseline -0.001 -17"><span class='ocrx_word' id='word_1_185' title='bbox 367 3048 461 3119; x_wconf 88' lang='lat' dir='ltr'>igitur</span> <span class='ocrx_word' id='word_1_186' title='bbox 474 3048 555 3104; x_wconf 77' lang='lat' dir='ltr'>furor</span> <span class='ocrx_word' id='word_1_187' title='bbox 574 3049 762 3113; x_wconf 88' lang='lat' dir='ltr'>Gallicorum,</span> <span class='ocrx_word' id='word_1_188' title='bbox 779 3054 810 3104; x_wconf 88' lang='lat' dir='ltr'>ct</span> <span class='ocrx_word' id='word_1_189' title='bbox 823 3050 894 3104; x_wconf 89' lang='lat' dir='ltr'>dum</span> <span class='ocrx_word' id='word_1_190' title='bbox 910 3050 1015 3105; x_wconf 90' lang='lat' dir='ltr'>sitiunt</span> <span class='ocrx_word' id='word_1_191' title='bbox 1028 3047 1221 3119; x_wconf 88' lang='lat' dir='ltr'>Anglioorum</span> <span class='ocrx_word' id='word_1_192' title='bbox 1237 3048 1418 3119; x_wconf 84' lang='lat' dir='ltr'>sanguinem,</span> 
     </span>
     <span class='ocr_line' id='line_1_24' title="bbox 367 3134 966 3205; baseline -0.002 -17"><span class='ocrx_word' id='word_1_193' title='bbox 367 3134 536 3190; x_wconf 74' lang='lat' dir='ltr'>multotiens</span> <span class='ocrx_word' id='word_1_194' title='bbox 553 3134 659 3190; x_wconf 89' lang='lat' dir='ltr'>damna</span> <span class='ocrx_word' id='word_1_195' title='bbox 676 3134 779 3205; x_wconf 77' lang='lat' dir='ltr'>gravia</span> <span class='ocrx_word' id='word_1_196' title='bbox 795 3134 966 3189; x_wconf 87' lang='lat' dir='ltr'>intulerunt.</span> 
     </span>
     <span class='ocr_line' id='line_1_25' title="bbox 402 3215 1421 3289; baseline 0 -16"><span class='ocrx_word' id='word_1_197' title='bbox 402 3217 476 3274; x_wconf 85' lang='lat' dir='ltr'>Vice</span> <span class='ocrx_word' id='word_1_198' title='bbox 489 3217 614 3289; x_wconf 86' lang='lat' dir='ltr'>quadam</span> <span class='ocrx_word' id='word_1_199' title='bbox 632 3219 733 3289; x_wconf 90' lang='lat' dir='ltr'>igitur,</span> <span class='ocrx_word' id='word_1_200' title='bbox 746 3217 816 3272; x_wconf 92' lang='lat' dir='ltr'>dum</span> <span class='ocrx_word' id='word_1_201' title='bbox 827 3218 917 3273; x_wconf 88' lang='lat' dir='ltr'>maris</span> <span class='ocrx_word' id='word_1_202' title='bbox 930 3217 1085 3272; x_wconf 81' lang='lat' dir='ltr'>observant</span> <span class='ocrx_word' id='word_1_203' title='bbox 1097 3217 1224 3282; x_wconf 84' lang='lat' dir='ltr'>semitas,</span> <span class='ocrx_word' id='word_1_204' title='bbox 1239 3215 1421 3288; x_wconf 88' lang='lat' dir='ltr'>conspiciunt</span> 
     </span>
     <span class='ocr_line' id='line_1_26' title="bbox 368 3300 1420 3373; baseline -0.001 -16"><span class='ocrx_word' id='word_1_205' title='bbox 368 3319 456 3357; x_wconf 85' lang='lat' dir='ltr'>naves</span> <span class='ocrx_word' id='word_1_206' title='bbox 473 3300 615 3373; x_wconf 86' lang='lat' dir='ltr'>Anglicaa</span> <span class='ocrx_word' id='word_1_207' title='bbox 633 3320 651 3356; x_wconf 95' lang='lat' dir='ltr'>a</span> <span class='ocrx_word' id='word_1_208' title='bbox 667 3303 796 3367; x_wconf 82' lang='lat' dir='ltr'>remotis,</span> <span class='ocrx_word' id='word_1_209' title='bbox 815 3302 921 3373; x_wconf 90' lang='lat' dir='ltr'>quibus</span> <span class='ocrx_word' id='word_1_210' title='bbox 946 3318 1034 3356; x_wconf 90' lang='lat' dir='ltr'>cursu</span> <span class='ocrx_word' id='word_1_211' title='bbox 1055 3301 1319 3372; x_wconf 75' lang='lat' dir='ltr'>appropinquantes</span> <span class='ocrx_word' id='word_1_212' title='bbox 1343 3301 1420 3356; x_wconf 84' lang='lat' dir='ltr'>velo·</span> 
     </span>
     <span class='ocr_line' id='line_1_27' title="bbox 367 3382 1419 3457; baseline -0.001 -16"><span class='ocrx_word' id='word_1_213' title='bbox 367 3386 494 3451; x_wconf 74' lang='lat' dir='ltr'>nimime,</span> <span class='ocrx_word' id='word_1_214' title='bbox 526 3385 622 3441; x_wconf 84' lang='lat' dir='ltr'>subito</span> <span class='ocrx_word' id='word_1_215' title='bbox 653 3386 789 3457; x_wconf 86' lang='lat' dir='ltr'>proelium</span> <span class='ocrx_word' id='word_1_216' title='bbox 818 3386 999 3441; x_wconf 89' lang='lat' dir='ltr'>inchoarunt.</span> <span class='ocrx_word' id='word_1_217' title='bbox 1048 3384 1130 3439; x_wconf 87' lang='lat' dir='ltr'>Inter</span> <span class='ocrx_word' id='word_1_218' title='bbox 1164 3382 1419 3455; x_wconf 86' lang='lat' dir='ltr'>congrediendum,</span> 
     </span>
     <span class='ocr_line' id='line_1_28' title="bbox 369 3468 1421 3539; baseline 0.002 -16"><span class='ocrx_word' id='word_1_219' title='bbox 369 3468 524 3539; x_wconf 81' lang='lat' dir='ltr'>qnamdam</span> <span class='ocrx_word' id='word_1_220' title='bbox 532 3486 637 3524; x_wconf 83' lang='lat' dir='ltr'>navem</span> <span class='ocrx_word' id='word_1_221' title='bbox 648 3468 804 3539; x_wconf 87' lang='lat' dir='ltr'>Anglicam</span> <span class='ocrx_word' id='word_1_222' title='bbox 815 3469 891 3524; x_wconf 87' lang='lat' dir='ltr'>inter</span> <span class='ocrx_word' id='word_1_223' title='bbox 903 3469 1051 3524; x_wconf 81' lang='lat' dir='ltr'>conacciae</span> <span class='ocrx_word' id='word_1_224' title='bbox 1064 3485 1132 3523; x_wconf 88' lang='lat' dir='ltr'>suas</span> <span class='ocrx_word' id='word_1_225' title='bbox 1144 3469 1227 3524; x_wconf 86' lang='lat' dir='ltr'>uncis</span> <span class='ocrx_word' id='word_1_226' title='bbox 1240 3474 1421 3525; x_wconf 85' lang='lat' dir='ltr'>attraxerunt</span> 
     </span>
     <span class='ocr_line' id='line_1_29' title="bbox 369 3548 1420 3624; baseline 0 -16"><span class='ocrx_word' id='word_1_227' title='bbox 369 3548 483 3618; x_wconf 82' lang='lat' dir='ltr'><strong>Gallici,</strong></span> <span class='ocrx_word' id='word_1_228' title='bbox 508 3559 539 3608; x_wconf 91' lang='lat' dir='ltr'>et</span> <span class='ocrx_word' id='word_1_229' title='bbox 561 3552 716 3624; x_wconf 85' lang='lat' dir='ltr'>quemdam</span> <span class='ocrx_word' id='word_1_230' title='bbox 739 3552 898 3623; x_wconf 84' lang='lat' dir='ltr'>Anglioum</span> <span class='ocrx_word' id='word_1_231' title='bbox 922 3553 1069 3608; x_wconf 85' lang='lat' dir='ltr'>trahentes</span> <span class='ocrx_word' id='word_1_232' title='bbox 1093 3553 1130 3607; x_wconf 87' lang='lat' dir='ltr'>do</span> <span class='ocrx_word' id='word_1_233' title='bbox 1153 3554 1221 3608; x_wconf 86' lang='lat' dir='ltr'>navi</span> <span class='ocrx_word' id='word_1_234' title='bbox 1258 3571 1319 3618; x_wconf 85' lang='lat' dir='ltr'>aua,</span> <span class='ocrx_word' id='word_1_235' title='bbox 1354 3571 1420 3608; x_wconf 86' lang='lat' dir='ltr'>rnox</span> 
     </span>
     <span class='ocr_line' id='line_1_30' title="bbox 369 3636 1418 3707; baseline 0.001 -16"><span class='ocrx_word' id='word_1_236' title='bbox 369 3638 398 3691; x_wconf 90' lang='lat' dir='ltr'>in</span> <span class='ocrx_word' id='word_1_237' title='bbox 411 3638 578 3692; x_wconf 87' lang='lat' dir='ltr'>summitate</span> <span class='ocrx_word' id='word_1_238' title='bbox 596 3636 667 3691; x_wconf 90' lang='lat' dir='ltr'><strong>mali</strong></span> <span class='ocrx_word' id='word_1_239' title='bbox 684 3636 767 3691; x_wconf 83' lang='lat' dir='ltr'>navis</span> <span class='ocrx_word' id='word_1_240' title='bbox 786 3636 978 3692; x_wconf 86' lang='lat' dir='ltr'>Normannici·</span> <span class='ocrx_word' id='word_1_241' title='bbox 997 3636 1218 3707; x_wconf 86' lang='lat' dir='ltr'>suspenderunt.</span> <span class='ocrx_word' id='word_1_242' title='bbox 1257 3637 1320 3705; x_wconf 81' lang='lat' dir='ltr'>Quo</span> <span class='ocrx_word' id='word_1_243' title='bbox 1333 3637 1418 3702; x_wconf 87' lang='lat' dir='ltr'>facto,</span> 
     </span>
     <span class='ocr_line' id='line_1_31' title="bbox 370 3711 1557 3792; baseline 0.001 -18"><span class='ocrx_word' id='word_1_244' title='bbox 370 3721 439 3792; x_wconf 87' lang='lat' dir='ltr'><strong>quia</strong></span> <span class='ocrx_word' id='word_1_245' title='bbox 450 3721 626 3792; x_wconf 83' lang='lat' dir='ltr'>potentiores</span> <span class='ocrx_word' id='word_1_246' title='bbox 645 3726 676 3775; x_wconf 89' lang='lat' dir='ltr'>et</span> <span class='ocrx_word' id='word_1_247' title='bbox 695 3721 795 3791; x_wconf 89' lang='lat' dir='ltr'>plures</span> <span class='ocrx_word' id='word_1_248' title='bbox 815 3737 868 3791; x_wconf 90' lang='lat' dir='ltr'>pro</span> <span class='ocrx_word' id='word_1_249' title='bbox 888 3728 959 3775; x_wconf 87' lang='lat' dir='ltr'>tuno</span> <span class='ocrx_word' id='word_1_250' title='bbox 983 3726 1066 3774; x_wconf 87' lang='lat' dir='ltr'>crant</span> <span class='ocrx_word' id='word_1_251' title='bbox 1091 3719 1207 3784; x_wconf 87' lang='lat' dir='ltr'><strong>Gallici,</strong></span> <span class='ocrx_word' id='word_1_252' title='bbox 1229 3720 1291 3775; x_wconf 86' lang='lat' dir='ltr'>sinc</span> <span class='ocrx_word' id='word_1_253' title='bbox 1312 3737 1420 3791; x_wconf 88' lang='lat' dir='ltr'>magna</span> <span class='ocrx_word' id='word_1_254' title='bbox 1432 3711 1557 3762; x_wconf 62' lang='lat' dir='ltr'>Dffllh0f</span> 
     </span>
    </p>
   </div>
   <div class='ocr_carea' id='block_1_3' title="bbox 369 3778 1595 3898">
    <p class='ocr_par' dir='ltr' id='par_1_3' title="bbox 369 3778 1595 3898">
     <span class='ocr_line' id='line_1_32' title="bbox 369 3778 1595 3898; baseline 0.001 -40"><span class='ocrx_word' id='word_1_255' title='bbox 369 3805 486 3860; x_wconf 65' lang='lat' dir='ltr'>laesione</span> <span class='ocrx_word' id='word_1_256' title='bbox 509 3810 701 3860; x_wconf 85' lang='lat' dir='ltr'>recesserunt.</span> <span class='ocrx_word' id='word_1_257' title='bbox 750 3805 795 3858; x_wconf 82' lang='lat' dir='ltr'>Ex</span> <span class='ocrx_word' id='word_1_258' title='bbox 818 3805 876 3862; x_wconf 87' lang='lat' dir='ltr'><strong>hiis</strong></span> <span class='ocrx_word' id='word_1_259' title='bbox 900 3803 996 3860; x_wconf 85' lang='lat' dir='ltr'>causis</span> <span class='ocrx_word' id='word_1_260' title='bbox 1021 3804 1114 3860; x_wconf 79' lang='lat' dir='ltr'>crevit</span> <span class='ocrx_word' id='word_1_261' title='bbox 1136 3805 1225 3859; x_wconf 85' lang='lat' dir='ltr'>timor</span> <span class='ocrx_word' id='word_1_262' title='bbox 1250 3812 1281 3859; x_wconf 93' lang='lat' dir='ltr'>ct</span> <span class='ocrx_word' id='word_1_263' title='bbox 1309 3805 1421 3860; x_wconf 85' lang='lat' dir='ltr'><strong>invidia</strong></span> <span class='ocrx_word' id='word_1_264' title='bbox 1432 3778 1595 3898; x_wconf 53' lang='lat' dir='ltr'>ffllllltcn</span> 
     </span>
    </p>
   </div>
   <div class='ocr_carea' id='block_1_4' title="bbox 369 3889 1587 4716">
    <p class='ocr_par' dir='ltr' id='par_1_4' title="bbox 369 3889 1587 4716">
     <span class='ocr_line' id='line_1_33' title="bbox 369 3889 1581 3976; baseline -0.003 -31"><span class='ocrx_word' id='word_1_265' title='bbox 369 3890 483 3961; x_wconf 86' lang='lat' dir='ltr'>populis</span> <span class='ocrx_word' id='word_1_266' title='bbox 501 3890 654 3960; x_wconf 88' lang='lat' dir='ltr'>utriusque</span> <span class='ocrx_word' id='word_1_267' title='bbox 671 3889 765 3960; x_wconf 87' lang='lat' dir='ltr'>regni.</span> <span class='ocrx_word' id='word_1_268' title='bbox 1433 3912 1463 3961; x_wconf 74' lang='lat' dir='ltr'>of</span> <span class='ocrx_word' id='word_1_269' title='bbox 1469 3913 1581 3976; x_wconf 50' lang='lat' dir='ltr'>Adolph&#39;</span> 
     </span>
     <span class='ocr_line' id='line_1_34' title="bbox 404 3970 1587 4045; baseline 0.003 -18"><span class='ocrx_word' id='word_1_270' title='bbox 404 3974 447 4028; x_wconf 83' lang='lat' dir='ltr'>Eo</span> <span class='ocrx_word' id='word_1_271' title='bbox 464 3980 594 4045; x_wconf 87' lang='lat' dir='ltr'>tempore</span> <span class='ocrx_word' id='word_1_272' title='bbox 612 3974 736 4028; x_wconf 88' lang='lat' dir='ltr'>moritur</span> <span class='ocrx_word' id='word_1_273' title='bbox 748 3974 810 4028; x_wconf 84' lang='lat' dir='ltr'>Rex</span> <span class='ocrx_word' id='word_1_274' title='bbox 829 3972 1025 4027; x_wconf 88' lang='lat' dir='ltr'>Romanorum</span> <span class='ocrx_word' id='word_1_275' title='bbox 1044 3971 1224 4044; x_wconf 86' lang='lat' dir='ltr'>Radulphus.</span> <span class='ocrx_word' id='word_1_276' title='bbox 1275 3972 1312 4028; x_wconf 92' lang='lat' dir='ltr'>In</span> <span class='ocrx_word' id='word_1_277' title='bbox 1335 3970 1587 4044; x_wconf 82' lang='lat' dir='ltr'>cujusA.D.1291.</span> 
     </span>
     <span class='ocr_line' id='line_1_35' title="bbox 370 4056 1587 4129; baseline -0.002 -15"><span class='ocrx_word' id='word_1_278' title='bbox 370 4059 551 4114; x_wconf 85' lang='lat' dir='ltr'>successione</span> <span class='ocrx_word' id='word_1_279' title='bbox 572 4058 681 4113; x_wconf 83' lang='lat' dir='ltr'>electus</span> <span class='ocrx_word' id='word_1_280' title='bbox 699 4063 745 4113; x_wconf 87' lang='lat' dir='ltr'>est</span> <span class='ocrx_word' id='word_1_281' title='bbox 761 4056 926 4129; x_wconf 88' lang='lat' dir='ltr'>Adulphus‚</span> <span class='ocrx_word' id='word_1_282' title='bbox 950 4057 1054 4111; x_wconf 83' lang='lat' dir='ltr'>(lomes</span> <span class='ocrx_word' id='word_1_283' title='bbox 1081 4056 1117 4112; x_wconf 88' lang='lat' dir='ltr'>de</span> <span class='ocrx_word' id='word_1_284' title='bbox 1143 4057 1275 4122; x_wconf 86' lang='lat' dir='ltr'>Naasso;</span> <span class='ocrx_word' id='word_1_285' title='bbox 1301 4063 1332 4112; x_wconf 88' lang='lat' dir='ltr'>et</span> <span class='ocrx_word' id='word_1_286' title='bbox 1358 4057 1587 4124; x_wconf 73' lang='lat' dir='ltr'>siueA‚1),1292‚</span> 
     </span>
     <span class='ocr_line' id='line_1_36' title="bbox 370 4141 1338 4213; baseline -0.002 -15"><span class='ocrx_word' id='word_1_287' title='bbox 370 4143 595 4198; x_wconf 83' lang='lat' dir='ltr'>contradictione</span> <span class='ocrx_word' id='word_1_288' title='bbox 613 4143 644 4196; x_wconf 92' lang='lat' dir='ltr'>in</span> <span class='ocrx_word' id='word_1_289' title='bbox 662 4141 774 4213; x_wconf 84' lang='lat' dir='ltr'>Regem</span> <span class='ocrx_word' id='word_1_290' title='bbox 791 4141 972 4196; x_wconf 82' lang='lat' dir='ltr'>Alemanniae</span> <span class='ocrx_word' id='word_1_291' title='bbox 991 4141 1159 4196; x_wconf 88' lang='lat' dir='ltr'>solemnitor</span> <span class='ocrx_word' id='word_1_292' title='bbox 1176 4147 1338 4196; x_wconf 89' lang='lat' dir='ltr'>coronatur.</span> 
     </span>
     <span class='ocr_line' id='line_1_37' title="bbox 404 4219 1587 4296; baseline -0.002 -15"><span class='ocrx_word' id='word_1_293' title='bbox 404 4225 545 4281; x_wconf 84' lang='lat' dir='ltr'>Allonsua</span> <span class='ocrx_word' id='word_1_294' title='bbox 563 4225 661 4290; x_wconf 86' lang='lat' dir='ltr'>ctiam,</span> <span class='ocrx_word' id='word_1_295' title='bbox 681 4225 853 4296; x_wconf 82' lang='lat' dir='ltr'>Arragoniae</span> <span class='ocrx_word' id='word_1_296' title='bbox 872 4225 944 4287; x_wconf 84' lang='lat' dir='ltr'>Rex,</span> <span class='ocrx_word' id='word_1_297' title='bbox 962 4230 1096 4280; x_wconf 90' lang='lat' dir='ltr'>mortuus</span> <span class='ocrx_word' id='word_1_298' title='bbox 1115 4232 1161 4279; x_wconf 89' lang='lat' dir='ltr'>est</span> <span class='ocrx_word' id='word_1_299' title='bbox 1177 4225 1232 4279; x_wconf 94' lang='lat' dir='ltr'>hoo</span> <span class='ocrx_word' id='word_1_300' title='bbox 1251 4241 1334 4279; x_wconf 89' lang='lat' dir='ltr'>armo.</span> <span class='ocrx_word' id='word_1_301' title='bbox 1432 4219 1587 4279; x_wconf 80' lang='lat' dir='ltr'><strong>A.D.1291,</strong></span> 
     </span>
     <span class='ocr_line' id='line_1_38' title="bbox 406 4303 1587 4381; baseline -0.003 -16"><span class='ocrx_word' id='word_1_302' title='bbox 406 4311 468 4365; x_wconf 84' lang='lat' dir='ltr'>Rex</span> <span class='ocrx_word' id='word_1_303' title='bbox 503 4310 628 4381; x_wconf 77' lang='lat' dir='ltr'>Angliaa,</span> <span class='ocrx_word' id='word_1_304' title='bbox 666 4317 732 4381; x_wconf 87' lang='lat' dir='ltr'>post</span> <span class='ocrx_word' id='word_1_305' title='bbox 767 4310 875 4364; x_wconf 84' lang='lat' dir='ltr'>festum</span> <span class='ocrx_word' id='word_1_306' title='bbox 912 4309 1012 4364; x_wconf 87' lang='lat' dir='ltr'>Sancti</span> <span class='ocrx_word' id='word_1_307' title='bbox 1046 4303 1188 4363; x_wconf 68' lang='lat' dir='ltr'>iohannis</span> <span class='ocrx_word' id='word_1_308' title='bbox 1213 4308 1363 4379; x_wconf 79' lang='lat' dir='ltr'>Baptistae,</span> <span class='ocrx_word' id='word_1_309' title='bbox 1388 4307 1421 4362; x_wconf 90' lang='lat' dir='ltr'>in</span> <span class='ocrx_word' id='word_1_310' title='bbox 1432 4312 1501 4361; x_wconf 79' lang='lat' dir='ltr'><strong>A.D.</strong></span> <span class='ocrx_word' id='word_1_311' title='bbox 1515 4316 1587 4361; x_wconf 78' lang='lat'><strong>1292.</strong></span> 
     </span>
     <span class='ocr_line' id='line_1_39' title="bbox 372 4379 1555 4464; baseline -0.004 -14"><span class='ocrx_word' id='word_1_312' title='bbox 372 4394 499 4450; x_wconf 84' lang='lat' dir='ltr'>Sootiam</span> <span class='ocrx_word' id='word_1_313' title='bbox 529 4395 657 4458; x_wconf 80' lang='lat' dir='ltr'>veniens,</span> <span class='ocrx_word' id='word_1_314' title='bbox 687 4394 812 4464; x_wconf 85' lang='lat' dir='ltr'>receptis</span> <span class='ocrx_word' id='word_1_315' title='bbox 842 4410 943 4448; x_wconf 88' lang='lat' dir='ltr'>eorum</span> <span class='ocrx_word' id='word_1_316' title='bbox 979 4390 1031 4463; x_wconf 92' lang='lat' dir='ltr'>qui</span> <span class='ocrx_word' id='word_1_317' title='bbox 1062 4410 1187 4463; x_wconf 87' lang='lat' dir='ltr'>regnum</span> <span class='ocrx_word' id='word_1_318' title='bbox 1215 4392 1321 4447; x_wconf 73' lang='lat' dir='ltr'>Scotiaa</span> <span class='ocrx_word' id='word_1_319' title='bbox 1349 4407 1419 4446; x_wconf 84' lang='lat' dir='ltr'>von·</span> <span class='ocrx_word' id='word_1_320' title='bbox 1432 4379 1555 4429; x_wconf 57' lang='lat' dir='ltr'>Tmfflss·</span> 
     </span>
     <span class='ocr_line' id='line_1_40' title="bbox 371 4453 1560 4565; baseline -0.003 -32"><span class='ocrx_word' id='word_1_321' title='bbox 371 4478 506 4533; x_wconf 83' lang='lat' dir='ltr'>dicabant</span> <span class='ocrx_word' id='word_1_322' title='bbox 529 4477 752 4547; x_wconf 83' lang='lat' dir='ltr'>allegationibus</span> <span class='ocrx_word' id='word_1_323' title='bbox 778 4495 830 4548; x_wconf 91' lang='lat' dir='ltr'>pro</span> <span class='ocrx_word' id='word_1_324' title='bbox 852 4477 919 4547; x_wconf 87' lang='lat' dir='ltr'>juro</span> <span class='ocrx_word' id='word_1_325' title='bbox 947 4494 1009 4541; x_wconf 90' lang='lat' dir='ltr'>auo,</span> <span class='ocrx_word' id='word_1_326' title='bbox 1038 4476 1110 4547; x_wconf 87' lang='lat' dir='ltr'>eligi</span> <span class='ocrx_word' id='word_1_327' title='bbox 1137 4453 1560 4565; x_wconf 54' lang='lat' dir='ltr'><strong>f⁰⁰iiquedfflssi11iffgggffid</strong></span> 
     </span>
     <span class='ocr_line' id='line_1_41' title="bbox 374 4558 1419 4633; baseline -0.002 -17"><span class='ocrx_word' id='word_1_328' title='bbox 374 4580 519 4633; x_wconf 87' lang='lat' dir='ltr'>personas,</span> <span class='ocrx_word' id='word_1_329' title='bbox 548 4560 704 4616; x_wconf 81' lang='lat' dir='ltr'>&#39;videlicet</span> <span class='ocrx_word' id='word_1_330' title='bbox 724 4561 760 4615; x_wconf 81' lang='lat' dir='ltr'>do</span> <span class='ocrx_word' id='word_1_331' title='bbox 781 4561 890 4630; x_wconf 86' lang='lat' dir='ltr'>Anglia</span> <span class='ocrx_word' id='word_1_332' title='bbox 919 4558 1035 4630; x_wconf 82' lang='lat' dir='ltr'>vlgi&#39;nti,</span> <span class='ocrx_word' id='word_1_333' title='bbox 1068 4567 1098 4615; x_wconf 93' lang='lat' dir='ltr'>ct</span> <span class='ocrx_word' id='word_1_334' title='bbox 1122 4560 1228 4629; x_wconf 84' lang='lat' dir='ltr'>viginti</span> <span class='ocrx_word' id='word_1_335' title='bbox 1254 4558 1289 4613; x_wconf 91' lang='lat' dir='ltr'>do</span> <span class='ocrx_word' id='word_1_336' title='bbox 1312 4560 1419 4625; x_wconf 86' lang='lat' dir='ltr'>Scotia,</span> 
     </span>
     <span class='ocr_line' id='line_1_42' title="bbox 374 4642 1422 4716; baseline -0.001 -16"><span class='ocrx_word' id='word_1_337' title='bbox 374 4646 424 4716; x_wconf 86' lang='lat' dir='ltr'>qui</span> <span class='ocrx_word' id='word_1_338' title='bbox 453 4646 525 4700; x_wconf 80' lang='lat' dir='ltr'>istos</span> <span class='ocrx_word' id='word_1_339' title='bbox 552 4644 741 4714; x_wconf 85' lang='lat' dir='ltr'>allegationes</span> <span class='ocrx_word' id='word_1_340' title='bbox 765 4643 925 4699; x_wconf 84' lang='lat' dir='ltr'>deliberata</span> <span class='ocrx_word' id='word_1_341' title='bbox 954 4644 1108 4713; x_wconf 85' lang='lat' dir='ltr'>diligentia</span> <span class='ocrx_word' id='word_1_342' title='bbox 1134 4642 1326 4710; x_wconf 80' lang='lat' dir='ltr'>discuterent3</span> <span class='ocrx_word' id='word_1_343' title='bbox 1359 4660 1422 4700; x_wconf 88' lang='lat' dir='ltr'>son·</span> 
     </span>
    </p>
   </div>
   <div class='ocr_carea' id='block_1_5' title="bbox 375 4860 1421 5027">
    <p class='ocr_par' dir='ltr' id='par_1_5' title="bbox 375 4860 1421 5027">
     <span class='ocr_line' id='line_1_43' title="bbox 408 4860 1421 4931; baseline 0.001 -17"><span class='ocrx_word' id='word_1_344' title='bbox 408 4867 415 4897; x_wconf 89' lang='lat'>¹</span> <span class='ocrx_word' id='word_1_345' title='bbox 427 4863 608 4915; x_wconf 61' lang='lat' dir='ltr'>oiadkorentar</span> <span class='ocrx_word' id='word_1_346' title='bbox 619 4863 646 4912; x_wconf 93' lang='lat' dir='ltr'>in</span> <span class='ocrx_word' id='word_1_347' title='bbox 655 4863 735 4930; x_wconf 52' lang='lat' dir='ltr'>origg</span> <span class='ocrx_word' id='word_1_348' title='bbox 750 4864 877 4914; x_wconf 68' lang='lat' dir='ltr'>corrected</span> <span class='ocrx_word' id='word_1_349' title='bbox 952 4862 1027 4912; x_wconf 77' lang='lat' dir='ltr'>²The</span> <span class='ocrx_word' id='word_1_350' title='bbox 1037 4862 1119 4913; x_wconf 78' lang='lat' dir='ltr'>words</span> <span class='ocrx_word' id='word_1_351' title='bbox 1129 4867 1144 4891; x_wconf 89' lang='grc'>“</span> <span class='ocrx_word' id='word_1_352' title='bbox 1152 4860 1261 4913; x_wconf 69' lang='lat' dir='ltr'>arilclicct</span> <span class='ocrx_word' id='word_1_353' title='bbox 1270 4862 1299 4914; x_wconf 80' lang='lat' dir='ltr'>dc</span> <span class='ocrx_word' id='word_1_354' title='bbox 1310 4863 1421 4931; x_wconf 75' lang='lat' dir='ltr'>Anglio‘¹</span> 
     </span>
     <span class='ocr_line' id='line_1_44' title="bbox 375 4942 1316 5027; baseline -0.002 -32"><span class='ocrx_word' id='word_1_355' title='bbox 375 4943 438 4995; x_wconf 83' lang='lat' dir='ltr'>from</span> <span class='ocrx_word' id='word_1_356' title='bbox 449 4944 492 4995; x_wconf 84' lang='lat' dir='ltr'>the</span> <span class='ocrx_word' id='word_1_357' title='bbox 502 4943 602 5008; x_wconf 83' lang='lat' dir='ltr'>printed</span> <span class='ocrx_word' id='word_1_358' title='bbox 613 4950 686 4994; x_wconf 81' lang='lat' dir='ltr'>texta.</span> <span class='ocrx_word' id='word_1_359' title='bbox 784 5007 788 5020; x_wconf 37' lang='grc' dir='ltr'><strong><em>ι</em></strong></span> <span class='ocrx_word' id='word_1_360' title='bbox 920 4957 961 4992; x_wconf 82' lang='lat' dir='ltr'>ore</span> <span class='ocrx_word' id='word_1_361' title='bbox 973 4943 1052 4992; x_wconf 81' lang='lat' dir='ltr'>added</span> <span class='ocrx_word' id='word_1_362' title='bbox 1063 4942 1190 4993; x_wconf 87' lang='lat' dir='ltr'>inalater</span> <span class='ocrx_word' id='word_1_363' title='bbox 1201 4944 1277 4994; x_wconf 88' lang='lat' dir='ltr'>hand.</span> <span class='ocrx_word' id='word_1_364' title='bbox 1313 5020 1316 5027; x_wconf 30' lang='grc' dir='ltr'>Ι</span> 
     </span>
    </p>
   </div>
   <div class='ocr_carea' id='block_1_6' title="bbox 0 0 1894 6244">
    <p class='ocr_par' dir='ltr' id='par_1_6' title="bbox 0 0 1894 6244">
     <span class='ocr_line' id='line_1_45' title="bbox 0 0 1894 6244; baseline 0 0"><span class='ocrx_word' id='word_1_365' title='bbox 0 0 1894 6244; x_wconf 95' lang='lat' dir='ltr'> </span> 
     </span>
    </p>
   </div>
  </div>
 </body>
</html>
