3750 6250
654 1128 818 1180 uurouu
839 1129 1048 1183 anemonas.
1313 1122 1375 1187 451

199 1313 218 1365 3.
230 1315 299 1369 Bibl.
329 1316 523 1383 Dominicum,
537 1318 712 1389 properarit.
747 1318 888 1374 Sacerdos
901 1320 1003 1390 igitur,
1017 1326 1124 1392 prater
1143 1321 1262 1376 solitum
1275 1321 1376 1375 videns
1388 1320 1456 1373 Al).
1471 1328 1541 1375 1381.

199 1397 224 1459 3·
241 1388 270 1432 ¹³
327 1397 451 1457 militem
467 1403 602 1467 delirare,
616 1408 646 1458 et
658 1402 667 1434 ¹
677 1402 766 1475 [ipse]
780 1422 847 1459 mox
859 1406 1033 1477 insequitur,
1049 1406 1176 1462 clamans
1191 1412 1222 1461 et
1240 1406 1376 1477 adjurans

203 1463 241 1500 ¹¹⁴
327 1503 364 1540 ne
394 1492 504 1542 tantam
525 1486 671 1557 injuriam
696 1488 784 1543 saciat
808 1495 997 1553 sacramento,
1030 1490 1081 1545 sed
1105 1489 1180 1544 illud
1206 1490 1263 1545 sibi
1292 1491 1377 1545 resti·

328 1576 400 1634 tuat,
427 1571 475 1626 vel
500 1570 733 1627 Christianorum
762 1590 843 1627 more
873 1573 1030 1629 honorifice
1061 1579 1167 1629 tractet
1200 1584 1230 1629 et
1262 1581 1373 1629 sumat:

328 1654 380 1709 sed
402 1654 477 1708 nihil
501 1654 617 1710 omnino
643 1673 745 1727 preces
769 1656 850 1711 illius
871 1657 1030 1727 proiecere,
1056 1657 1104 1713 vel
1128 1658 1278 1720 clamoren,
1305 1659 1376 1728 quin

327 1738 412 1793 miles
435 1738 519 1805 illud,
551 1740 668 1795 excluso
694 1740 874 1812 presbytero,
906 1742 1045 1797 adhibitis
1070 1744 1185 1807 ostreis,
1218 1742 1372 1807 divideret,

327 1827 356 1877 et
380 1829 492 1897 partem
516 1842 583 1879 cum
607 1824 722 1889 ostreis,
747 1831 860 1897 partem
891 1844 958 1881 cum
982 1828 1071 1900 cepis,
1100 1833 1130 1883 et
1159 1833 1272 1899 partem
1307 1845 1374 1881 eum

326 1906 402 1970 vino,
434 1907 610 1978 deglutiret3
644 1908 789 1964 affirmans
820 1910 982 1981 quemlibet
1005 1928 1110 1981 panem
1140 1911 1217 1983 apud
1255 1910 1373 1965 domum

327 2008 408 2045 suam
438 1992 511 2045 tanti
547 2008 611 2047 esse
639 1992 758 2058 valoris,
790 1994 892 2064 quanti
923 1994 980 2049 luit
1008 1994 1060 2048 ille
1094 2012 1181 2066 quem
1214 1996 1373 2065 sumpsisse

326 2074 378 2129 tali
402 2076 487 2131 modo
511 2077 665 2147 gaudebat.
703 2077 820 2132 Famuli
843 2096 913 2134 vero
938 2079 994 2143 sui,
1014 2079 1065 2149 qui
1090 2079 1126 2134 de
1149 2084 1209 2134 tam
1237 2079 1373 2135 horrendi

326 2159 394 2213 laeti
418 2160 546 2216 novitate
566 2167 748 2234 stupuerunt,
771 2163 834 2217 haeo
858 2163 955 2217 omnia
979 2164 1085 2218 exteris
1109 2164 1281 2218 retulerunt.
1321 2164 1371 2219 Sa·
1384 2180 1540 2251 Theffishop

324 2244 424 2299 cerdos
454 2247 547 2316 i'gitur
572 2247 756 2317 parochialis,
785 2265 872 2318 quem
902 2248 1071 2303 stimulabat
1096 2248 1188 2303 nimia
1210 2248 1372 2303 amaritudo
1384 2248 1414 2296 of
1421 2249 1497 2300 Salis-

323 2330 429 2383 mentis
453 2330 489 2384 ob
516 2339 628 2385 tantum
653 2331 747 2386 scelus
772 2333 960 2388 commissum
984 2350 1002 2387 a
1025 2332 1127 2394 milite,
1155 2315 1530 2394 Saresbtniensibud,l⁸k⁸³

322 2412 474 2485 Episcopo,
493 2414 637 2486 Magistro
660 2416 816 2490 Radulpho
833 2417 953 2488 Ergom,
975 2422 1079 2473 cuncta
1102 2434 1154 2489 per
1172 2416 1303 2472 ordinem
1328 2418 1370 2472 in·
1383 2397 1537 2503 ἓὲῗξὲᾚῖθ

321 2496 451 2553 ordinate
480 2505 595 2570 patrata
623 2502 761 2556 samarit.
817 2501 980 2573 Episcopus
1013 2508 1111 2557 autem
1147 2519 1213 2555 mox
1247 2503 1371 2557 militem

321 2581 404 2637 citari
437 2584 603 2649 mandavit3
642 2602 728 2655 quem
759 2593 972 2659 comparentem
1003 2592 1033 2641 et
1062 2586 1170 2640 factum
1206 2586 1371 2641 nullatenus

321 2665 520 2737 abnegantem,
556 2668 715 2732 admonuit,
751 2670 821 2741 quia
852 2670 898 2725 vir
930 2670 962 2724 iu
992 2670 1052 2724 illis
1088 2668 1221 2740 partibus
1258 2687 1372 2740 magum

321 2750 520 2806 estimationis
550 2753 655 2817 fuerat,
684 2758 726 2817 ut,
750 2753 868 2807 domum
888 2753 1014 2817 rediens,
1044 2752 1174 2807 diversos
1200 2753 1256 2807 sibi
1288 2761 1371 2809 notos

320 2834 441 2890 elericos
465 2845 651 2908 aggregaret,
683 2844 713 2892 et
742 2856 809 2893 cum
839 2837 900 2893 illis
925 2837 961 2892 de
987 2838 1051 2910 ipsa
1075 2854 1108 2891 re
1138 2842 1294 2892 tractatum
1321 2838 1371 2892 ha-

318 2922 409 2987 beret,
442 2925 467 2979 si
498 2925 571 2980 sorte
604 2926 745 2982 divinitus
776 2930 927 2997 respectus
967 2924 1085 2980 interim
1117 2924 1243 2995 gratiam
1273 2942 1371 2981 couse-

320 3015 457 3079 qneretur
475 3010 621 3067 salubrius
640 3012 790 3066 sentiendo
811 3011 847 3066 de
866 3011 988 3082 praefato
1011 3009 1206 3073 Sacramento,
1230 3012 1371 3081 compari-

319 3099 402 3149 turus
428 3095 545 3150 interim
570 3100 649 3151 certo
670 3096 718 3150 die
743 3113 841 3150 coram
864 3095 1009 3168 Episcopo
1028 3092 1211 3166 supradicto:
1240 3093 1317 3165 quod
1341 3100 1371 3150 et

319 3179 427 3234 sactum
446 3186 499 3245 est,
514 3188 544 3235 et
561 3182 609 3236 die
627 3181 744 3254 praefixo
762 3181 886 3245 rediens,
903 3181 988 3251 juxta
1006 3179 1167 3234 doctrinam
1185 3179 1366 3244 clericorum,
1381 3186 1436 3237 The

319 3265 369 3335 qui
387 3265 424 3319 ad
442 3283 509 3320 eum
527 3267 724 3322 confluxerant
753 3266 856 3338 'hujus
885 3267 929 3320 rei
958 3265 1063 3336 gratia,
1089 3265 1237 3319 confessus
1264 3269 1310 3318 cst
1336 3283 1367 3319 se
1380 3252 1479 3318 Ksslssht

317 3350 393 3406 male
412 3351 539 3405 sensisse
557 3351 594 3406 de
622 3352 808 3407 Sacramenta
835 3351 946 3414 altaris,
974 3349 1157 3421 multumque
1182 3343 1317 3420 peccasse
1335 3350 1366 3403 in
1379 3323 1485 3371 ’πώ

317 3434 553 3490 dehonestatione
572 3436 771 3491 Sacramenti:
792 3453 882 3506 quare
910 3435 947 3489 ab
965 3435 1109 3510 Episcopo
1128 3438 1158 3489 et
1176 3434 1287 3490 cunctis
1313 3435 1365 3506 qui
1377 3389 1480 3451 ΜΝ

317 3518 445 3582 aderant,
459 3520 575 3575 veniam
594 3521 766 3593 suppliciter
785 3521 956 3592 deprecatus
975 3524 1029 3575 est.

352 3603 514 3677 Episcopus
553 3623 633 3676 ergo,
664 3606 727 3673 ejus
760 3604 861 3661 videns
899 3604 1125 3667 conversionem,
1152 3608 1182 3658 et
1214 3603 1364 3659 attendens
1377 3620 1505 3672 michi,

316 3686 456 3743 humilem
475 3690 694 3755 confessionem,
721 3691 752 3744 in
777 3695 889 3761 partem
916 3689 1094 3762 poenitentiae
1120 3687 1245 3760 injunxit
1269 3688 1364 3743 eidem
1375 3692 1480 3768 granted
1492 3691 1526 3755 by

316 3772 429 3843 erigere
455 3772 628 3841 Sarisbiriae,
655 3776 686 3829 in
709 3774 773 3830 loco
800 3774 981 3846 ’publicano
1008 3790 1123 3827 crucem
1147 3772 1300 3845 lapideam,
1333 3774 1364 3827 in
1376 3754 1525 3834 ¹¹¹⁰B¹⁸ll⁰l³

316 3874 374 3927 qua
385 3875 437 3929 per
449 3858 579 3913 ordinem
591 3865 653 3914 tota
664 3859 755 3914 series
768 3858 856 3929 hujus
868 3859 911 3912 rei
931 3858 1129 3931 sculperetur;
1150 3863 1180 3913 et
1191 3864 1225 3912 ut
1237 3858 1362 3929 singulis
1375 3830 1523 3940 {suffia

316 3940 397 3995 seriis
419 3943 508 3998 sextis
532 3943 600 3999 vitae
628 3962 697 4008 sues,
725 3943 907 4016 discooperto
934 3944 1038 4015 capite,
1064 3941 1150 3996 nudis
1174 3942 1306 4014 pedibus,
1332 3943 1363 3997 in

316 4026 378 4081 sola
401 4027 528 4083 interula
551 4034 580 4084 et
604 4028 802 4094 femoralibus,
826 4029 863 4083 ad
887 4029 1008 4083 eandem
1041 4044 1156 4082 crucem
1182 4027 1304 4091 veniret,
1332 4034 1363 4081 et

315 4129 411 4167 coram
442 4131 477 4167 ea
505 4114 595 4169 totius
630 4114 699 4169 facti
734 4120 885 4186 peccatum
918 4113 1036 4186 publice
1069 4117 1100 4167 et
1132 4129 1185 4182 per
1218 4110 1358 4174 ordinem,

314 4194 396 4250 flexis
424 4197 557 4267 genibus,
594 4189 750 4253 fateretur:
780 4198 910 4270 aliasque
949 4196 1075 4268 injunxit
1101 4195 1129 4249 ei
1164 4194 1358 4266 penitentias,

314 4284 373 4333 tam
391 4280 522 4352 publicas
542 4299 630 4352 quam
648 4282 786 4355 privates,
810 4299 882 4355 quas
906 4281 1028 4354 longum
1048 4280 1126 4336 foret
1149 4278 1217 4334 huic
1244 4278 1359 4350 paginae

314 4366 527 4421 commendare.

350 4449 424 4505 Haee
444 4450 553 4506 idcirco
573 4452 677 4523 scripsi
697 4452 822 4523 plenius,
850 4456 884 4506 ut
910 4451 1043 4505 omnibus
1068 4449 1222 4512 elucescat,
1251 4452 1507 4518 quantaHiscrime

314 4534 392 4588 mala
408 4534 503 4590 bestia
520 4555 585 4607 quaa
599 4537 748 4591 ⁴asccudit
765 4536 801 4590 de
820 4535 933 4606 abysso,
955 4534 1067 4602 collega
1086 4532 1229 4597 Sathanae,
1250 4531 1357 4586 Johan·
1370 4523 1482 4576 mrlbed
1494 4535 1520 4576 10

315 4634 366 4671 nes
379 4617 514 4689 Wyclyff,
535 4621 597 4675 sive
608 4620 824 4685 Wikkebeleve,
845 4618 1000 4675 seminavit
1017 4618 1047 4671 in
1066 4621 1153 4671 terra.
1369 4592 1487 4709 ffiffi'f

1369 4725 1473 4790 Wyclif.

349 4858 721 4927 ¹Supptieorr0muib1.lteg.
735 4868 765 4912 te
780 4862 809 4911 Ε.
895 4862 904 4890 ³
911 4857 1011 4925 publico
1033 4859 1060 4908 in
1084 4857 1126 4908 the
1149 4857 1248 4921 printed
1271 4863 1358 4915 text-⁹3

314 4938 369 4989 ix.:
388 4940 491 4991 omitted
503 4942 530 4990 iu
543 4942 585 4992 the
595 4944 696 5006 printed
707 4948 781 4992 texts.
862 4941 889 4989 iu
913 4956 946 4991 au
969 4938 1127 4990 abbreviated
1149 4937 1214 4987 form
1240 4937 1267 4985 iu
1291 4936 1358 4986 Bibl.

346 5020 394 5066 ’in
422 5019 494 5084 liujus
522 5023 559 5070 rei
584 5023 689 5086 qratiam
716 5022 743 5070 iu
769 5021 811 5072 the
862 5021 925 5086 Reg.
940 5021 1011 5070 13E.
1023 5020 1060 5069 ix.

316 5095 417 5159 printed
428 5105 502 5148 texts.
896 5102 905 5130 ⁴
916 5101 948 5150 ln
959 5099 1066 5150 allusion
1077 5105 1103 5148 to
1114 5094 1268 5230 naengum
1275 5096 1311 5148 xi.
1325 5098 1347 5146 7.

1120 5183 1140 5231 E
1164 5183 1182 5227 F
