3750 6250
494 1094 538 1157 52
817 1105 947 1157 mom
968 1102 1204 1156 walamnum

811 1217 822 1254 ι

329 1296 627 1366 A.D.1295.treugam
645 1293 755 1365 absque
766 1293 858 1366 Regis
870 1293 1067 1349 Romsmrum
1090 1308 1232 1349 consensu
1245 1289 1397 1357 muers,
1420 1294 1619 1363 proponam

494 1379 590 1434 soedus
608 1379 684 1433 inter
703 1395 753 1433 eoa
777 1379 882 1433 initum
902 1378 1070 1449 juramento
1088 1376 1245 1440 firmatum,
1277 1392 1335 1431 nou
1357 1375 1476 1447 potuit;
1494 1366 1619 1429 rodis-T

495 1469 638 1531 gaverunt
648 1461 778 1539 'Regem
792 1470 826 1517 nt
846 1462 938 1531 Regis
951 1460 1147 1516 Romanorum
1165 1477 1339 1515 eonsensum
1356 1458 1365 1491 ¹
1377 1455 1539 1530 [petendo],
1553 1433 1619 1551 ᾖ

494 1545 624 1601 inducias
660 1545 838 1617 impetraret.
887 1544 970 1617 Rege
1005 1549 1113 1608 autem,
1150 1545 1187 1598 ob
1219 1543 1412 1599 reverentiam
1443 1540 1543 1597 Ourios

495 1630 641 1692 Romanoe,
666 1628 798 1701 petitioni
829 1646 929 1683 eorum
960 1634 1112 1691 annuente,
1144 1628 1224 1683 cirea
1250 1626 1445 1683 Nativitatem
1474 1624 1544 1684 Vir·

495 1715 573 1786 ginis
597 1713 732 1783 gloriosas
756 1714 787 1767 in
812 1711 922 1767 Gallias
946 1718 1142 1768 revertuntur.

221 1808 229 1827 ·
329 1776 466 1896 mmm
530 1797 617 1853 cnm
638 1813 766 1869 praeoens
787 1793 1218 1867 tempusnnmneuuem,
1231 1794 1388 1852 noverim
1410 1795 1542 1858 veniens,

327 1858 483 1963 {ffimss
495 1882 593 1936 emisit
611 1879 772 1952 proedoues,
798 1881 859 1951 qui,
882 1879 1006 1951 spoliato
1029 1880 1166 1935 Prioratu
1185 1886 1217 1934 et
1238 1897 1297 1935 uno
1314 1878 1455 1934 monacho
1474 1895 1544 1935 seue

494 1965 598 2028 occiso,
624 1971 736 2036 partem
759 1981 895 2034 maguam
919 1963 1017 2035 oppidi
1047 1962 1253 2029 incenderunt3
1290 1980 1415 2034 quorum
1450 1961 1543 2033 aliqui

494 2057 561 2104 ante
584 2047 711 2104 reditum
735 2047 773 2102 ad
794 2065 883 2103 naves
902 2048 1047 2103 interfecti
1059 2054 1137 2111 sunt,
1163 2047 1215 2102 sed
1237 2046 1358 2119 plurimi
1375 2053 1541 2103 evaserunt.

495 2132 563 2188 Cito
584 2150 654 2187 vero
678 2138 752 2203 post,
773 2130 858 2202 galea
882 2130 1016 2202 quaedam
1040 2130 1229 2194 Gallicorum,
1261 2148 1331 2186 casn
1356 2130 1482 2202 quodam
1506 2129 1544 2188 ad

493 2224 610 2288 portum
631 2216 667 2271 de
688 2215 777 2287 Hyda
796 2215 927 2287 appulsa,
949 2221 1034 2287 capta
1052 2222 1099 2271 est
1118 2232 1171 2286 per
1195 2214 1357 2270 iohannem
1377 2214 1414 2270 de
1426 2213 1544 2271 Gelam·

493 2300 593 2362 bariis,
607 2299 732 2355 militem
751 2299 887 2363 nobilem,
907 2299 1015 2364 nantis,
1036 2299 1087 2371 qui
1104 2316 1169 2354 eam
1187 2299 1364 2354 cornabantur
1387 2298 1542 2363 abducere,

494 2384 663 2439 interfectis.

326 2467 475 2533 Cunbourg
527 2467 634 2523 Nautae
670 2468 759 2523 etiam
796 2465 1060 2523 Gememutheuses
1093 2467 1218 2523 Gaesaris
1248 2467 1382 2537 Burgum
1412 2468 1444 2522 iu
1467 2467 1544 2523 Nor·

325 2536 408 2587 bum
493 2551 610 2605 mannia
633 2550 765 2606 incendio
783 2557 981 2615 vastaverunt,
1006 2549 1228 2637 'Oherburgh,
1249 2549 1429 2622 spoliataque
1447 2551 1544 2606 Abba·

493 2638 556 2693 thia
585 2637 796 2693 Canonicorum
828 2639 1022 2709 Regularium
1053 2640 1207 2710 quemdam
1237 2655 1335 2693 senem
1355 2639 1385 2693 in
1404 2639 1544 2710 Angliam

327 2714 436 2793 Smssb
493 2720 682 2776 adduxerunt.
731 2722 1001 2776 Portesmuthenses
1032 2723 1196 2794 quindecim
1226 2739 1314 2777 naves
1338 2721 1543 2794 Hispaunicas,

366 2797 394 2845 rs
450 2797 481 2832 en
985 2807 992 2819 ·
1500 2808 1506 2820 ·

325 2782 448 2899 2¹¹¹th
496 2813 614 2860 onustas
632 2804 788 2869 mercibus,
809 2805 960 2861 tendentes
983 2825 1014 2861 ιιι
1032 2806 1232 2871 Dammonem,
1252 2812 1369 2879 portum
1387 2806 1543 2871 Flaudnoe,

324 2864 486 2979 pffiofpffi,
498 2896 597 2961 captas
621 2887 802 2944 deduxerunt
822 2889 1015 2945 Sandis-icum·

329 2981 426 3032 mouth.
533 2973 690 3035 lohannes,
711 2972 772 3027 Rex
792 2973 906 3037 Scotiae,
926 2974 1056 3045 homagii
1075 2981 1105 3030 et
1122 2974 1271 3031 fidelitatis
1296 2993 1357 3030 snm
1381 2977 1543 3043 immemor,

327 3073 409 3125 1321101
495 3057 649 3113 destinatis
686 3056 724 3111 ad
763 3057 875 3130 Regem
906 3058 1084 3113 Francorum
1114 3060 1238 3123 nunciis,
1264 3058 1413 3114 Willelmo
1444 3059 1545 3116 Sancti

326 3149 410 3192 enter!
426 3141 481 3191 iuto
493 3143 627 3205 Andreae,
642 3150 671 3198 et
683 3142 830 3197 Willelmo
843 3143 1050 3207 Dunkelaensi,
1064 3143 1226 3215 Episcopis,
1236 3144 1366 3200 Johanne
1379 3144 1416 3199 de
1429 3144 1543 3210 Soules,

326 3222 359 3286 ⁸¹¹.
374 3209 524 3282 alli⁸¹¹⁰⁰et
554 3227 720 3298 Ingclrame
749 3227 785 3281 de
812 3226 984 3291 Umfrevile,
1012 3227 1166 3291 militibus,
1195 3228 1270 3283 clam
1301 3234 1402 3283 contra
1430 3228 1545 3301 Regem

326 3274 430 3391 ἔξω
493 3312 611 3381 unguo
631 3311 726 3365 soedus
745 3312 829 3376 nuc
857 3319 968 3381 petens,
989 3311 1020 3365 in
1047 3311 1266 3367 affirmationem
1293 3314 1414 3383 negotii,
1444 3315 1544 3369 matu-

494 3397 622 3448 monium
641 3396 772 3449 contrahi
798 3397 874 3448 inter
902 3395 995 3448 filium
1020 3413 1115 3457 suum,
1143 3394 1328 3461 Edwardum,
1357 3416 1390 3452 ac
1417 3398 1545 3453 nobilem

493 3479 620 3548 puellam
649 3479 822 3540 Johannam,
843 3478 932 3531 filiam
952 3478 1064 3541 Karoli,
1084 3480 1216 3548 germani
1235 3480 1326 3551 Regis
1345 3480 1543 3548 Francorum

494 3561 637 3630 spondens
657 3579 687 3614 se
705 3561 781 3615 velle
799 3561 931 3631 ⁴Regem
949 3561 1067 3632 Anglioe
1087 3563 1157 3617 totis
1175 3563 1287 3618 viribus
1312 3566 1496 3636 impugnare,
1516 3574 1546 3622 et

494 3664 512 3697 a
531 3662 624 3698 werra
649 3662 716 3698 cum
734 3645 817 3715 Rege
837 3645 967 3699 Francia
995 3646 1153 3717 impedire;
1181 3648 1259 3703 sicut
1275 3648 1306 3702 in
1325 3650 1443 3721 scriptis
1469 3652 1546 3706 iuter

494 3735 633 3797 utresque
651 3745 737 3798 reges
756 3729 894 3783 confectis
912 3728 1027 3800 plenius
1046 3731 1219 3786 continetur.

531 3811 610 3865 Scoti
629 3828 698 3865 vero
716 3828 768 3882 per
787 3811 864 3865 idem
882 3818 998 3884 tempus
1018 3813 1171 3884 elegerunt
1189 3815 1245 3869 sibi
1264 3816 1417 3873 duodecim
1440 3837 1544 3890 pares;

495 3902 619 3966 quatuor
628 3895 766 3950 videlicet
773 3896 941 3967 Episcopus,
952 3903 1075 3966 quatuor
1083 3897 1220 3964 Comites,
1232 3906 1262 3955 et
1271 3908 1395 3972 quatuor
1402 3902 1544 3969 Berones:

496 3997 620 4050 qnorum
640 3979 760 4033 consilio
786 3979 848 4032 Rex
874 3997 998 4050 regnum
1025 4000 1110 4036 ειιιιιιι
1138 3984 1300 4051 gubernare
1327 3986 1460 4051 debebat,
1489 3987 1547 4042 Per

496 4081 569 4134 quos
587 4064 684 4125 etiam,
705 4070 738 4117 ut
756 4063 786 4116 in
804 4063 878 4117 hanc
896 4065 1072 4121 consentiret
1095 4068 1297 4138 proditionem,
1318 4070 1374 4125 fuit
1399 4071 1545 4126 inductus.

496 4147 610 4218 Nempe
646 4146 749 4200 honum
786 4147 916 4212 consiliu,
950 4155 980 4203 et
1009 4150 1154 4221 praecipue
1184 4152 1307 4207 Abbatis
1343 4153 1379 4208 de
1415 4153 1545 4220 Meuros,

498 4247 565 4285 cnm
590 4229 627 4284 ed
654 4229 882 4284 Parliamentum
917 4232 1046 4300 venisset
1075 4232 1166 4304 Regis
1197 4235 1322 4306 Anglioe,
1354 4236 1546 4294 illiceusiatus

332 4312 380 4361 llis
391 4329 448 4392 pro·
499 4312 574 4366 olam
592 4313 726 4368 discessit
744 4321 881 4383 tanquam
900 4315 1053 4385 fugitivus,
1074 4316 1111 4370 ad
1128 4335 1266 4389 magnum
1279 4319 1403 4375 dedecus
1416 4339 1547 4392 personna

333 4387 450 4494 Ιίῗῐῗῖῑᾚ
500 4413 569 4451 suae.
619 4395 663 4450 Ob
691 4415 777 4468 qnam
804 4415 921 4452 eausam
946 4398 1009 4452 Rex
1033 4399 1149 4471 Anglioe
1164 4401 1255 4472 jussit
1272 4405 1368 4457 omnia
1384 4404 1460 4459 bona
1483 4423 1546 4469 sua,

331 4461 489 4563 caffffim
501 4479 619 4534 mobilia
645 4486 675 4534 et
702 4480 869 4544 immobilia,
891 4499 955 4550 qum
974 4481 1098 4538 habebat
1116 4485 1145 4538 in
1163 4485 1281 4555 Anglia,
1301 4487 1469 4554 confiscari,
1497 4491 1547 4559 qui

501 4579 535 4617 eo
552 4569 681 4634 tempore
693 4564 799 4618 multas
812 4564 896 4619 villas
909 4571 939 4619 et
951 4565 1060 4636 praedia
1077 4568 1198 4638 pinguia
1211 4571 1239 4623 in
1252 4570 1360 4641 Anglia
1372 4574 1546 4643 possidebat.

707 4746 712 4750 .
743 4746 801 4752 —...
831 4747 1009 4754 ...———-

539 4865 544 4892 ¹
559 4863 679 4927 Supplied
692 4864 755 4913 from
764 4867 807 4918 the
816 4866 916 4929 printed
926 4873 1000 4916 texts.
1052 4870 1132 4918 words
1143 4868 1173 4919 oi
1185 4869 1327 4936 Rishanger
1338 4874 1388 4923 and
1406 4873 1473 4926 Bibl.
1485 4875 1548 4942 lleg.

537 4946 546 4972 '·'
559 4943 670 4991 Inserted
682 4943 709 4990 iu
719 4958 734 4993 a
746 4945 809 4994 later
825 4946 901 4996 haud.
1054 4953 1083 4996 13
1096 4948 1124 4998 E.
1136 4947 1173 4998 ix.

537 5021 712 5085 ’Apparently
733 5037 748 5071 a
775 5025 843 5088 gloss
869 5041 936 5089 upon
959 5025 1001 5074 the
1083 5029 1196 5092 ‘requam
1208 5028 1234 5078 iu
1246 5030 1288 5080 the
1298 5031 1395 5095 printed
1406 5041 1483 5086 texis.
