3750 6250
658 1080 822 1132 maroam
835 1080 1044 1133 anemonas.
1307 1063 1371 1135 387

199 1269 300 1323 §.Bibl.
330 1268 350 1293 “
370 1285 437 1322 oum
462 1267 550 1323 Petro
575 1268 613 1322 ad
636 1268 856 1324 confessionem.
893 1268 1006 1324 Verum
1032 1268 1155 1323 verbum
1173 1268 1228 1323 hoc
1250 1268 1539 1327 semina-A.D.1sts.

199 1351 225 1413 Ξ·
241 1343 272 1386 13
330 1354 349 1378 ‘⁴
368 1353 466 1407 vimus
484 1370 572 1423 super
589 1357 711 1424 petram,
731 1370 799 1407 cam
816 1358 915 1408 vestra
932 1352 1114 1408 detestabilis
1132 1352 1288 1407 obstinatio
1306 1351 1373 1405 inda

201 1418 240 1454 ¹¹·
330 1439 349 1461 “
368 1436 525 1507 proditoris
542 1454 595 1492 vos
613 1437 720 1491 efficiat
733 1436 889 1508 participes
907 1442 938 1491 et
955 1442 1112 1501 consortes,
1131 1437 1216 1506 cujus
1234 1436 1373 1507 iniquitas

330 1523 349 1546 ‘⁶
368 1520 478 1575 residet
507 1538 595 1591 super
624 1520 768 1575 talentum
798 1521 920 1591 plumbi.
962 1519 1109 1576 Caeterum
1139 1538 1197 1575 non
1227 1519 1374 1574 existimet

330 1607 349 1629 “
367 1610 466 1659 vestra
483 1604 574 1659 stulta
590 1604 707 1659 cacitas
724 1609 755 1660 et
773 1622 850 1660 caeca
867 1604 1003 1669 stultitia,
1022 1604 1101 1675 quod
1118 1605 1171 1658 illa
1188 1603 1287 1668 verba,
1308 1621 1373 1673 quas

330 1691 349 1713 “
368 1688 515 1743 interdum
541 1688 573 1742 in
600 1688 708 1744 vestris
737 1688 846 1744 litteris
875 1688 1013 1743 videntur
1040 1705 1142 1760 sapere
1172 1688 1313 1760 pietatem
1344 1693 1375 1741 et

330 1774 349 1797 “
368 1771 464 1826 zelum
482 1771 585 1826 domus
603 1771 669 1837 Dei,
688 1790 741 1827 nos
759 1777 969 1836 commoveant,
986 1771 1034 1826 vel
1050 1773 1206 1843 quicquam
1224 1770 1375 1825 vobiscum

330 1854 571 1909 “consentiendo
594 1855 804 1926 persuadcaut;
834 1856 906 1910 satis
937 1855 1015 1909 euim
1037 1855 1200 1910 luculenter
1223 1853 1375 1926 perpendi·

331 1942 349 1963 “
369 1956 444 2002 mus,
464 1939 542 2009 quod
560 1939 624 2010 ipsa
640 1939 731 1994 verba
753 1940 896 1994 fermento
914 1938 1148 1994 ¹Pharisoeorum
1165 1939 1338 2001 conduntur,
1358 1955 1376 1991 a

331 2025 350 2047 ‘⁴
370 2040 428 2092 quo
453 2022 485 2076 in
509 2022 670 2093 Evangelio
696 2021 831 2078 Christus
856 2041 925 2078 suos
952 2039 1055 2078 cavere
1080 2022 1227 2094 praecepit.
1266 2021 1376 2074 Locum

332 2107 350 2130 “
370 2123 440 2175 ergo
458 2123 545 2176 quem
563 2106 695 2176 elegistis
713 2107 820 2161 vestris
839 2105 998 2161 sceleribus
1009 2105 1221 2177 perpetrandis,
1240 2105 1376 2159 idoneum

331 2193 349 2214 “
368 2190 451 2244 vobis
468 2190 634 2255 nominatis,
653 2190 836 2245 ostendentes
855 2190 933 2246 clare
947 2208 999 2245 vos
1012 2208 1115 2245 verum
1133 2195 1220 2261 caput
1236 2188 1377 2244 Ecclesia>

330 2275 348 2298 “
367 2273 532 2343 reliquisse,
558 2279 589 2328 et
615 2273 732 2329 effectos
756 2273 888 2328 membra
914 2273 1022 2328 diaboli
1048 2273 1079 2328 in
1097 2273 1244 2328 desertum
1269 2272 1376 2325 abiisse

330 2360 349 2383 ‘⁴
368 2375 436 2411 cum
455 2357 533 2411 Juda
556 2356 713 2428 proditore,
738 2357 789 2412 ubi
812 2359 1006 2429 vosmetipsos
1030 2358 1102 2413 estis
1126 2357 1230 2428 laqueo
1255 2375 1377 2428 suspen-

330 2444 349 2466 “
370 2440 441 2504 suri,
461 2446 495 2494 ut
505 2439 541 2494 de
553 2440 637 2496 vobis
652 2441 818 2497 verificetur
830 2441 861 2495 id
871 2439 1130 2513 propheticum—²
1139 2445 1145 2467 ⁶
1154 2442 1221 2496 Fiat
1234 2440 1376 2496 habitatio

331 2528 350 2551 ‘⁴
372 2528 494 2578 ‘eorum
512 2524 635 2588 deserta,
658 2531 689 2579 et
709 2526 741 2579 in
758 2525 933 2579 habitaculis
958 2543 1059 2580 eorum
1083 2542 1141 2580 non
1159 2526 1198 2579 sit
1219 2527 1270 2596 qui
1294 2526 1375 2580 inha-

332 2611 351 2635 “
372 2607 486 2662 ‘bitet’
517 2607 557 2662 Et
574 2608 690 2672 iterum,
705 2608 741 2663 de
760 2608 886 2680 singulis
904 2616 1036 2664 vestrum
1054 2609 1165 2663 dictum
1184 2614 1237 2672 est,
1254 2608 1377 2665 ³‘Fiant

332 2696 350 2718 “
373 2691 456 2745 ‘dies
475 2690 538 2761 ejus
556 2692 651 2761 pauci,
669 2696 700 2745 et
715 2691 924 2762 Episcopatum
941 2692 1004 2762 ejus
1024 2692 1149 2764 accipiat
1168 2691 1262 2747 alter.’
1299 2692 1377 2746 Prae-

332 2781 350 2803 “
370 2782 451 2831 terea
468 2775 591 2830 Comitis
616 2775 785 2829 Fundorum
809 2776 918 2831 claram
943 2777 1051 2831 famam
1071 2775 1177 2831 vestris
1197 2776 1377 2831 commenda-

333 2859 499 2914 “tionibus
523 2859 554 2913 in
577 2864 638 2915 toto
662 2858 837 2914 Christicola
860 2859 968 2930 populo
995 2859 1181 2929 denigrastis,
1208 2878 1274 2915 cum
1300 2859 1379 2914 dicat

333 2947 351 2969 “
371 2944 470 3008 Poeta,
493 2943 593 2998 ‘Idem
610 2947 656 2998 est
674 2942 788 2997 laudari
803 2960 821 2997 a
835 2943 972 3013 turpibus
989 2949 1019 2998 et
1034 2943 1071 2997 ob
1085 2942 1203 3013 turpia.'
1240 2943 1378 2997 Animad-

333 3031 351 3053 “
371 3033 453 3081 verte
489 3026 592 3097 igitur,
631 3026 800 3081 Fundorum
836 3025 950 3089 Comes,
989 3026 1066 3096 quod
1102 3043 1154 3097 per
1190 3026 1377 3097 quamplures

334 3115 353 3137 ‘¹
373 3109 606 3166 Christianorum
624 3109 696 3165 fines
714 3127 778 3164 eras
797 3109 973 3180 incognitus,
993 3114 1023 3165 et
1041 3127 1075 3164 eo
1093 3108 1240 3165 infelicius
1257 3127 1378 3180 praeser-

334 3199 352 3221 “
372 3196 437 3258 tim,
457 3212 525 3249 cum
545 3194 608 3264 jam
631 3193 687 3248 tibi
710 3211 768 3248 non
791 3211 904 3257 nomen,
925 3194 978 3249 sed
1001 3192 1201 3265 ignominiam,
1221 3194 1377 3265 perquiris,

334 3282 353 3304 “
372 3278 505 3333 inimicos
527 3277 639 3332 Christi
668 3282 697 3332 et
716 3277 839 3332 unitatis
863 3277 1003 3332 Ecclesiae
1027 3276 1179 3339 divisores,
1199 3294 1232 3330 ac
1250 3276 1330 3347 pacis
1350 3282 1379 3330 et

334 3366 352 3388 “
372 3361 594 3431 tranquillitatis
612 3361 702 3415 totius
721 3360 950 3415 Christianitatis
969 3360 1133 3415 turbatores
1151 3359 1309 3422 invitando,
1330 3376 1379 3414 eos
1402 3353 1404 3357 ⁷

334 3445 403 3499 “in
426 3445 556 3516 ipsorum
579 3443 744 3499 detestabili
769 3443 890 3514 perfidia
912 3444 1099 3508 confovendo,
1119 3449 1153 3498 nt
1176 3443 1263 3497 etiam
1280 3448 1380 3497 contra

334 3532 352 3555 ‘⁴
373 3527 523 3583 Christum
541 3534 571 3583 et
585 3527 725 3598 populum
740 3526 923 3582 Catholicum
937 3527 1096 3582 aedificasse
1109 3526 1236 3581 videaris
1254 3526 1377 3595 asylum.

334 3611 505 3681 “Exsurge
529 3628 609 3681 ergo,
636 3609 661 3665 Ο
685 3610 800 3674 Comes,
832 3616 862 3665 et
889 3628 989 3665 mures
1014 3611 1050 3665 de
1073 3627 1143 3681 pera
1166 3609 1312 3681 projicias,
1344 3608 1380 3662 de

334 3694 558 3749 “tabernaculo
584 3700 636 3748 tuo
662 3694 735 3764 fuga
761 3699 919 3764 serpentes,
949 3700 979 3748 et
998 3693 1135 3748 carbones
1164 3692 1336 3763 sulphureos
1363 3710 1381 3746 a

335 3783 353 3804 ‘⁶
373 3779 440 3832 sinu
457 3784 508 3832 tuo
526 3783 645 3841 excute;
682 3794 719 3831 ne
744 3777 861 3831 flamma
892 3776 1110 3848 inextinguibili
1140 3783 1169 3832 te
1200 3783 1331 3842 exurunt,
1351 3783 1381 3830 et

335 3867 353 3887 ‘⁶
373 3861 429 3915 Dei
447 3861 574 3933 gratiam
592 3868 622 3916 et
639 3860 870 3915 benedictionem
887 3861 978 3915 totins
1000 3860 1102 3932 populi
1127 3860 1296 3924 Christiani,
1317 3860 1378 3930 glo·

334 3946 448 4000 “riam
477 3944 579 4000 mundi
609 3950 639 4000 et
667 3943 944 3999 commendationem
977 3945 1157 4017 adipisceris,
1192 3950 1222 4000 et
1251 3944 1380 3998 divinam

335 4034 353 4056 ‘⁶
373 4028 531 4084 mereberis
549 4028 678 4102 effugere
696 4027 886 4083 ultionem.⁴”

601 4243 723 4331 Coptic
748 4244 862 4310 Casiri
891 4244 931 4310 de
957 4244 1113 4311 Bcrwico.

369 4372 455 4428 Circa
471 4373 549 4428 idem
566 4378 692 4444 tempus,
713 4372 851 4428 videlicet
867 4372 915 4427 die
935 4373 955 4427 J
956 4373 1019 4428 ovis
1037 4373 1168 4445 proximo
1186 4375 1252 4424 ante
1271 4369 1379 4423 festum
1393 4361 1500 4438 Captum
1511 4361 1541 4410 οἲ

335 4457 434 4512 Sancti
451 4457 576 4511 Mdreae
600 4456 745 4528 Apostoli,
773 4457 900 4511 latrones
930 4456 967 4510 de
992 4457 1124 4510 Marchia
1150 4454 1242 4523 Regis
1275 4452 1380 4508 Scotiae
1392 4429 1507 4478 Bm&

397 4541 404 4553 .
463 4541 469 4552 ι
1393 4495 1475 4545 Castle
1486 4496 1521 4558 by

334 4542 443 4596 furtive
461 4547 643 4596 inuaserant
666 4546 795 4596 castrum
822 4540 859 4595 dc
876 4540 1017 4611 Berwyco
1034 4542 1194 4602 noctanter,
1219 4554 1272 4610 per
1290 4537 1380 4608 quod·
1392 4562 1435 4611 ,he
1446 4561 1526 4612 3001,

501 4718 503 4721 .
517 4719 523 4721 .
538 4712 1012 4722 --—-—-—————---—————·
1025 4712 1045 4717 .-
1058 4712 1095 4717 .-

369 4818 530 4870 'Marus
543 4826 566 4871 o.
913 4817 1006 4867 ‘Data
1024 4825 1076 4879 ele,
1092 4819 1172 4868 added
1187 4819 1246 4868 here
1261 4819 1288 4868 in
1316 4817 1383 4868 Bibl.

368 4898 547 4950 ’Paulmlxim
560 4906 599 4950 25.
880 4903 944 4967 Reg.
972 4904 1001 4948 13
1028 4897 1057 4946 E.
1092 4897 1126 4947 ix.
1151 4898 1201 4946 and
1220 4897 1261 4947 the
1285 4895 1384 4961 printed

370 4979 454 5028 ’Acts
471 4979 487 5029 i.
501 4985 539 5028 20.
881 4989 955 5033 texts.

1141 5046 1249 5107 11112
