3750 6250
520 1080 586 1143 348
853 1095 988 1144 usuum
1012 1094 1244 1146 admiremur

348 1273 419 1325 An).
433 1278 504 1328 1³77.
520 1280 539 1302 ‘⁴
558 1278 751 1342 tendentium,
766 1284 772 1313 ¹
784 1297 857 1348 quas
869 1279 994 1350 scriptas
1006 1280 1038 1334 in
1049 1280 1154 1336 eedule
1165 1278 1279 1333 inclusa
1295 1279 1503 1348 praesentibus,
1525 1279 1578 1334 Jo·
1591 1303 1647 1355 MS·
1657 1305 1686 1354 gp

348 1367 505 1433 Canterbury

348 1436 399 1485 and
407 1435 504 1499 Bishop

347 1502 379 1549 οἰ
386 1502 499 1563 london,

347 1568 481 1633 enjoiniug

347 1632 403 1683 that
415 1636 457 1685 the

346 1700 418 1764 liing
429 1705 479 1752 and

346 1767 434 1817 nobles
446 1771 478 1818 ot*

347 1833 467 1897 Eugland

345 1900 377 1948 be
388 1905 489 1952 named

346 1967 378 2014 ot*
390 1967 433 2017 the

346 2047 427 2083 errons
439 2037 470 2084 of

345 2098 450 2164 Wyclit

339 3443 397 3493 Bnll
410 3446 440 3495 of

339 3513 406 3574 l'ope
418 3517 480 3562 (rre-

338 3646 379 3693 tlte
392 3648 476 3694 Ateii·

339 3712 427 3776 bistrup
439 3716 471 3761 nl'

337 3780 492 3846 Canterbnry
508 3766 525 3786 ⁴⁴

337 3849 385 3894 und

337 3913 431 3976 llishop
447 3916 476 3964 of

337 3978 443 4030 Lentlon

335 4046 467 4110 enjoiniug

519 1365 539 1387 ‘⁴
559 1363 667 1416 hennes
678 1364 811 1434 Wyclefl',
826 1364 933 1421 Reotor
942 1365 1074 1419 ecclesie
1087 1364 1123 1419 de
1141 1363 1344 1427 Luttelworth,
1356 1363 1578 1420 Linoolniensis
1591 1372 1653 1437 Reg.
1665 1378 1686 1423 lt

519 1450 537 1471 “
557 1445 710 1512 Dioeeesis,
731 1448 827 1503 dietus
848 1448 1032 1519 ‘Theologiae
1050 1446 1224 1511 Proless0r‚’
1241 1448 1382 1502 asseritur
1401 1454 1463 1502 tam
1483 1448 1578 1519 impie
1591 1438 1621 1487 Fe
1633 1438 1665 1489 52

518 1532 645 1600 “quam
668 1538 778 1587 temere
803 1534 971 1597 suscitasse,
991 1531 1107 1603 plenius
1125 1531 1209 1586 robis
1235 1531 1400 1595 scribimus,
1426 1548 1483 1602 per
1501 1533 1577 1587 alias

517 1618 535 1639 “
555 1622 669 1671 nostras
694 1623 828 1688 patentes
846 1617 972 1683 litteras,
993 1635 1066 1688 ques
1079 1635 1146 1672 eum
1165 1615 1358 1687 praesentibus
1376 1615 1573 1672 destinamus.

516 1699 699 1756 “Volumus
723 1702 826 1773 igitur,
847 1708 878 1757 et
895 1708 1002 1757 vestr·
1026 1701 1202 1757 fraternitati
1224 1700 1404 1765 mandemus,
1425 1708 1574 1772 quatenus

515 1790 533 1811 “
553 1787 752 1844 clarissimum
770 1790 800 1844 in
829 1790 1083 1854 Christo²filium,
1110 1788 1288 1843 Edwardum
1309 1788 1423 1860 Regem
1450 1788 1574 1861 Angliae

514 1872 533 1895 “
553 1871 708 1937 illustrem,
723 1881 754 1927 et
771 1873 894 1928 dilectos
912 1874 998 1937 filios,
1013 1873 1125 1928 nobiles
1143 1873 1223 1927 viros
1235 1879 1319 1927 natos
1337 1872 1408 1927 dicti
1418 1873 1523 1942 Regis,
1538 1892 1573 1928 ae

514 1957 533 1979 ‘⁶
553 1954 691 2011 dilectam
722 1958 752 2011 in
779 1958 898 2013 Christo
929 1957 1029 2022 filiam,
1059 1957 1186 2012 nobilem
1218 1957 1372 2011 mulierem
1403 1956 1572 2012 Johannum

514 2041 533 2063 “
553 2039 764 2112 Principissam
781 2041 970 2112 Aquitanniae
989 2048 1019 2097 et
1037 2041 1161 2105 Walliae,
1181 2040 1331 2111 ’aliosque
1351 2047 1506 2112 magnates
1534 2043 1571 2097 de

515 2126 534 2148 “
553 2123 672 2196 Anglia,
687 2131 718 2180 et
729 2126 912 2181 consiliarios
931 2126 1058 2196 ‘regios
1079 2144 1131 2196 per
1148 2142 1201 2179 ros
1220 2131 1250 2180 et
1268 2124 1342 2178 ulios
1360 2126 1522 2195 magistros
1540 2132 1571 2181 et

515 2210 533 2232 ¹⁸
553 2209 663 2277 peritos
682 2209 713 2262 in
733 2210 823 2264 Sacra
841 2210 966 2280 Pagina,
986 2228 1044 2264 non
1061 2209 1223 2264 maculatos
1236 2208 1441 2279 hujuscemodi
1460 2210 1570 2263 errori·

514 2294 533 2317 “
553 2292 617 2357 bus,
651 2294 703 2348 sed
732 2295 764 2347 in
803 2293 859 2349 fide
890 2295 1020 2349 siuoeros
1052 2300 1082 2349 et
1119 2293 1257 2357 fervidos,
1290 2293 1432 2347 studeatis
1469 2295 1568 2347 faeere

512 2380 531 2401 “
551 2377 681 2447 plenarie
700 2378 861 2443 informari,
882 2397 916 2432 ao
935 2380 978 2433 eis
998 2377 1122 2442 ostendi,
1143 2383 1253 2448 quanta
1265 2376 1444 2432 verecundia
1460 2376 1569 2432 devote

512 2463 531 2486 ‘⁶
552 2479 643 2531 regno
661 2461 780 2531 Anglim
798 2464 911 2518 oriatur
929 2463 1043 2527 exinde,
1065 2468 1095 2517 et
1113 2461 1192 2532 quod
1215 2480 1272 2516 nou
1291 2461 1385 2517 solum
1405 2466 1475 2516 sunt
1494 2462 1567 2533 ipsae

513 2548 531 2570 ‘⁶
553 2545 760 2600 Conclusiones
780 2564 910 2601 erroneae
929 2546 1045 2611 infide,
1070 2547 1131 2610 sed,
1152 2546 1270 2601 sibene
1295 2546 1496 2609 advertantur,
1522 2547 1566 2600 in·

512 2633 531 2654 ‘⁴
550 2637 644 2684 nuunt
662 2647 777 2684 omnem
795 2631 948 2685 destruere
967 2631 1111 2703 politiam,
1150 2631 1190 2685 Et
1206 2630 1368 2701 requiratis
1388 2648 1438 2685 eos
1456 2630 1564 2685 ‘strie-

511 2716 530 2739 “
549 2714 673 2777 tissime,
694 2714 772 2784 quod
796 2714 879 2783 ⁸[ad]
908 2715 1131 2785 extirpationem
1149 2720 1299 2769 tantorum
1331 2732 1478 2778 errorum,
1512 2732 1565 2786 pro

511 2798 714 2853 “reverentia
739 2799 794 2853 Dei
819 2807 849 2854 et
866 2799 1045 2870 Apostolieae
1071 2798 1167 2862 Sedis,
1187 2804 1218 2854 et
1242 2805 1352 2862 nostra,
1372 2800 1563 2870 ipsorumque

510 2887 529 2909 ‘⁸
549 2884 655 2937 merito
673 2882 751 2954 apud
775 2882 871 2938 Deum
889 2890 921 2939 et
945 2883 1085 2938 honorem
1104 2883 1220 2947 saeculo,
1249 2890 1389 2954 tanquam
1417 2883 1564 2938 Catholici

509 2972 528 2994 ‘⁴
548 2968 695 3039 principes
714 2975 745 3023 et
762 2968 880 3039 pugiles
899 2968 985 3023 diotre
1005 2967 1083 3031 fidei,
1110 2968 1190 3021 omni
1218 2986 1276 3038 que
1303 2974 1442 3038 poterunt
1468 2969 1563 3023 effica-

509 3057 527 3077 “
548 3054 594 3107 cia
611 3052 742 3107 tribuant
766 3052 908 3107 auxilium
926 3058 957 3107 et
975 3052 1114 3106 favorem.
1153 3051 1230 3106 Data
1247 3051 1348 3106 Romae
1373 3051 1452 3122 apud
1472 3052 1562 3107 Sane·

508 3143 526 3165 ‘⁶
546 3146 606 3193 tam
634 3139 759 3192 Mariam
785 3138 938 3209 Majorem,
967 3136 1139 3192 'undecimo
1182 3137 1335 3192 Kalendas
1361 3136 1455 3203 Junii,
1486 3155 1562 3192 anno

508 3228 526 3250 “
547 3223 701 3295 septimo.’'

542 3426 561 3450 ‘¹
574 3420 800 3478 Venerabilibus
813 3418 963 3482 fratribus,
978 3415 1207 3488 Archiepiseopo
1226 3414 1429 3471 Centumiensi
1449 3422 1479 3471 et
1490 3413 1559 3487 Epi·

507 3512 525 3534 ‘⁶
547 3529 633 3579 seopo
653 3506 857 3567 Londoniensi,
881 3505 1016 3566 salntem,
1038 3509 1091 3556 ete.
1129 3502 1232 3572 Nuper
1252 3520 1303 3571 per
1329 3519 1391 3565 nos,
1415 3521 1471 3554 non
1497 3503 1559 3555 sine

338 3581 491 3643 li‘Wt'XLl‘l
508 3597 525 3617 ¹‘
546 3594 629 3661 gravi
650 3592 745 3645 cordis
766 3590 930 3644 turbatione
954 3596 983 3640 et
1008 3587 1138 3656 pinritnn
1152 3586 1206 3639 lide
1229 3586 1385 3651 dignorum
1406 3586 1557 3648 relatione,

508 3682 525 3701 “
548 3687 682 3747 pror-epto
702 3676 779 3744 qnod
799 3674 946 3727 doliannes
966 3671 1102 3740 Wyelyss',
1130 3670 1237 3722 lteetor
1262 3669 1401 3722 Ecclesiae
1426 3669 1462 3721 de
1488 3669 1558 3722 Lnt·

547 3762 689 3823 teln'orth,
711 3758 922 3813 Lineolniensis
944 3756 1095 3816 Dioeeesis,
1128 3755 1224 3807 Saone
1250 3753 1369 3822 I'nginae
1394 3753 1556 3813 Professor,

508 3853 525 3871 ‘⁸
547 3846 658 3899 ntintnn
686 3863 741 3897 nun
767 3842 910 3911 Magister
929 3841 1080 3901 Errornrn,
1109 3838 1136 3889 in
1163 3844 1222 3891 turn
1247 3837 1450 3890 detestabilem
1476 3856 1557 3890 tesn-

506 3936 523 3955 “
545 3931 622 3983 niam
642 3937 751 3983 temere
764 3927 906 3996 prorupit,
928 3924 1006 3994 qnod
1025 3922 1177 3976 nonnullas
1197 3921 1415 3992 Propositiones
1435 3928 1465 3975 et
1484 3920 1558 3974 Con-

506 4020 524 4040 “
545 4016 689 4069 clusiones
709 4030 843 4065 erroneus
862 4030 896 4062 uo
918 4009 1016 4070 fit-leus,
1040 4015 1070 4061 et
1091 4006 1166 4059 male
1189 4005 1219 4058 in
1241 4005 1296 4058 fide
1318 4013 1463 4068 sonantes,
1491 4024 1556 4073 quse

335 4107 523 4166 thatun-elif·
544 4107 652 4153 statum
672 4097 760 4150 totins
774 4093 913 4148 Ecclesim
934 4093 1103 4145 subvertere
1118 4096 1147 4142 et
1165 4108 1303 4142 enervnre
1322 4091 1464 4152 nituntur,
1487 4108 1557 4159 qna·

337 4178 367 4226 be
379 4167 445 4229 cited
460 4193 484 4229 to
505 4189 522 4208 ‘⁶'
543 4202 667 4254 rumque
681 4181 796 4250 aliqum,
818 4176 992 4248 quibusdum
1008 4175 1128 4228 rnntntis
1147 4170 1461 4243 te1·1ninis,⁵[imitari]
1477 4174 1555 4226 ride·

335 4259 426 4306 appear
438 4263 463 4295 ut

335 4311 376 4358 tne
388 4313 465 4375 l'apnl

335 4377 419 4437 Conrt,
432 4381 458 4428 in

505 4272 522 4292 '‘
542 4268 647 4322 bantnr
666 4281 818 4337 perversas
847 4261 997 4330 opiniones
1016 4267 1046 4312 et
1064 4258 1224 4311 (inctrinnm
1245 4257 1390 4310 indoctum
1411 4257 1554 4311 damnatae

504 4356 521 4376 ‘⁶
543 4350 688 4405 rnernorite
709 4346 835 4402 Marsilii
854 4346 889 4397 de
910 4344 1011 4397 Pudnu
1030 4351 1059 4395 et
1081 4339 1460 4397 Joha1n1isde⁹tinnduno.
1483 4360 1553 4409 qno·

503 4441 520 4458 ‘⁶
541 4454 607 4489 runt
625 4436 698 4489 liber
719 4452 770 4503 per
790 4431 884 4484 felicis
903 4428 1111 4483 reeordationis
1131 4426 1294 4479 Johunnem
1318 4425 1426 4494 Papum
1440 4425 1553 4479 Vicesi·

980 4579 1013 4583 -.
1020 4577 1029 4583 .
1038 4577 1046 4581 .
1053 4578 1065 4582 r.
1082 4577 1116 4583 ψ..
1124 4572 1547 4581 ----·—...--.-——-——0--......

527 4675 606 4737 'qnos
631 4674 734 4723 omitted
769 4673 793 4722 in
826 4673 868 4722 the
900 4671 1000 4735 printed
1078 4668 1212 4717 “Omitted
1253 4666 1279 4714 in
1319 4666 1381 4730 orig.
1423 4668 1473 4716 and
1510 4667 1551 4716 the

501 4759 573 4805 tutte.
1045 4747 1237 4810 pritrtedtextst
1258 4745 1325 4794 erin
1340 4746 1408 4793 Bibl.
1431 4746 1496 4810 lleg.
1522 4747 1551 4794 13

533 4836 542 4862 ‘·'
556 4834 666 4881 tlmitted
679 4833 705 4880 in
718 4832 760 4879 the
772 4832 871 4894 printed
884 4838 958 4879 texts.
1045 4829 1074 4876 li,
1088 4828 1121 4875 ix.

533 4915 575 4960 ³et
587 4911 648 4960 alios
660 4912 685 4958 in
699 4912 741 4960 tlte
750 4912 932 4972 printedtexts.
1077 4907 1135 4956 1ΙΙ.
1160 4905 1214 4956 Col.
1238 4906 1313 4955 Junii
1335 4905 1360 4953 in
1385 4904 1427 4954 the
1450 4902 1550 4968 printed

536 4995 540 5019 ¹
553 4994 615 5056 repis
627 4991 653 5038 in
666 4990 707 5039 the
718 4990 816 5052 printed
825 4998 898 5039 texts.
1043 4994 1117 5035 texts.

534 5073 542 5099 '⁴
546 5070 698 5135 strictissime
718 5069 744 5116 in
765 5069 827 5131 orig.
842 5089 848 5126 3
873 5068 999 5117 corrected
1079 5066 1295 5129 ⁸Supplieds1um
1308 5065 1349 5113 the
1361 5064 1459 5127 printed
1470 5070 1546 5113 texts,

498 5154 562 5201 from
575 5152 616 5200 the
628 5149 729 5212 printed
741 5156 814 5197 texts.
1075 5150 1084 5174 ⁹
1100 5145 1221 5195 (laudor-o
1233 5144 1258 5192 in
1271 5145 1313 5193 the
1325 5144 1424 5207 printed
1437 5152 1511 5194 texts.
