3750 6250
482 1058 504 1121 2
775 1066 960 1119 enarrare
982 1067 1032 1120 sn
1055 1067 1242 1120 ancroamr.

482 1262 565 1328 mihi
587 1261 713 1347 aliquid
735 1282 891 1348 arrogem,
915 1264 1063 1327 mortuos
1084 1258 1207 1346 injuria
1228 1258 1363 1338 afficere,
1385 1263 1533 1347 posteros

481 1388 591 1432 rerum
622 1369 853 1430 anteactarum
891 1365 1034 1430 veritate
1069 1363 1230 1429 fraudare.
1280 1361 1370 1429 Vitio
1393 1384 1455 1449 ego
1478 1362 1532 1429 hic

481 1468 565 1533 mihi
587 1468 702 1532 datum
725 1466 792 1533 fore
815 1489 882 1532 non
906 1467 1034 1543 dubito,
1059 1466 1147 1551 quod
1173 1467 1295 1531 multas
1317 1465 1417 1551 hujus
1439 1464 1533 1551 regni

481 1570 635 1636 historias
668 1570 915 1656 antiquissimas
949 1569 1117 1647 ediderim,
1141 1568 1320 1654 inquibus
1351 1568 1534 1634 monastica

481 1675 632 1760 quaedam
655 1673 851 1760 fragmenta,
874 1678 934 1739 aut
949 1673 1059 1760 potius
1082 1672 1186 1737 aniles
1208 1672 1337 1750 fabulae,
1362 1672 1532 1760 reperiun-

482 1784 545 1843 tur.
603 1775 669 1841 Sed
692 1776 744 1841 his
769 1775 911 1842 libenter
934 1775 1074 1864 ignosco,
1098 1774 1157 1861 qui
1187 1775 1258 1842 zelo
1280 1774 1366 1840 bono
1388 1773 1533 1853 adducti,

481 1901 551 1945 rem
582 1880 691 1967 prima
719 1880 826 1966 specie
847 1878 971 1944 foedam
992 1875 1208 1957 detestantur,
1233 1900 1307 1944 cum
1329 1877 1457 1942 nullam
1479 1876 1536 1941 ha·

482 1984 584 2049 beant
621 1984 820 2048 occasionem
858 1982 959 2046 altius
996 1986 1031 2046 et
1064 1980 1258 2068 profundius
1296 1979 1534 2057 considerandi,

483 2093 610 2172 quanta
643 2092 678 2151 et
712 2108 811 2171 quam
848 2084 1046 2170 quotidiana
1076 2083 1122 2147 sit
1153 2083 1250 2149 istius
1279 2083 1327 2149 rei
1350 2083 1534 2149 necessitas

482 2189 571 2256 Nam
593 2188 622 2255 si
644 2209 714 2254 rem
737 2209 864 2254 mecum
897 2188 1032 2276 penitus
1057 2186 1319 2273 introspicerent,
1357 2184 1537 2254 Matthaecs

483 2290 648 2358 Patisium
671 2296 705 2356 et
732 2289 1127 2368 westmonasteriensem,
1151 2309 1226 2356 cum
1257 2288 1325 2354 suis
1355 2286 1478 2354 fabulis
1500 2291 1537 2356 st

483 2392 648 2484 portentis
685 2392 819 2479 (quibus
852 2391 951 2458 hodic
980 2412 1077 2456 nemo
1100 2389 1217 2480 credit)
1248 2391 1360 2478 potius
1383 2389 1536 2470 edendos,

484 2517 585 2584 quam
606 2495 756 2561 homines
778 2495 850 2582 pios
872 2499 907 2562 et
929 2494 1103 2579 scriptores
1135 2494 1277 2562 sinceros
1306 2492 1442 2579 reliquis
1463 2491 1537 2558 illo-

483 2620 558 2664 rum
579 2596 725 2662 historiis
749 2597 834 2683 (quae
857 2596 1025 2672 hodiernae
1046 2595 1182 2661 veritati
1203 2617 1398 2685 magnopere
1421 2593 1537 2664 suffro-

482 2702 616 2787 gantur)
651 2699 829 2786 privandos
862 2704 1027 2787 putarent,
1089 2699 1218 2780 Quibus
1241 2699 1269 2766 si
1292 2699 1336 2766 ad
1359 2698 1536 2787 Papisticra

483 2801 665 2890 disciplinae
687 2802 979 2890 expugnationem,
1001 2802 1163 2879 mutilato,
1186 2802 1325 2881 inverso,
1349 2808 1384 2867 et
1406 2802 1537 2868 conciso

485 2927 598 2971 eorum
613 2925 718 2991 opere,
734 2909 908 2982 uteremur,
923 2903 975 2970 illi
990 2910 1104 2971 contra
1113 2905 1294 2991 justissime
1309 2905 1536 2985 reclamarent,

485 3013 545 3076 aut
574 3029 641 3074 non
671 3028 740 3072 esse
769 3006 900 3072 illorum
931 3007 1103 3074 hominum
1136 3006 1298 3088 historias,
1322 3013 1383 3072 aut
1405 3007 1435 3074 si
1457 3007 1536 3088 sint,

485 3111 618 3193 deletas,
635 3115 812 3197 corruptas,
828 3113 984 3189 mutatas,
1006 3109 1221 3199 imperfectas,
1237 3109 1440 3177 adulteratas
1456 3131 1536 3179 esse.

486 3215 542 3283 Ita
564 3237 602 3281 eo
624 3215 781 3301 fugiendo
804 3213 893 3299 quod
915 3235 984 3279 non
999 3218 1050 3279 est
1072 3235 1211 3293 necesse,
1233 3213 1270 3278 in
1292 3212 1328 3277 id
1351 3212 1536 3279 incidemus

486 3319 575 3406 quod
612 3339 680 3382 non
712 3321 762 3382 est
794 3317 957 3395 decorum,
989 3323 1023 3381 et
1056 3337 1131 3380 cum
1162 3315 1320 3401 exemplis
1352 3315 1537 3402 superiores

486 3423 596 3496 simus,
618 3419 683 3484 fide
706 3418 876 3484 inferiores
899 3418 1042 3487 erimus:
1066 3422 1101 3482 et
1134 3439 1194 3484 nos
1228 3417 1360 3483 illorum
1390 3417 1536 3483 virulen-

484 3523 543 3589 tiae
577 3533 611 3587 et
633 3519 818 3585 maledictis
841 3520 1004 3585 obnoxios
1026 3520 1193 3598 faciemus,
1217 3542 1292 3585 cum
1314 3520 1441 3607 alioqui
1463 3521 1534 3585 suis

485 3646 540 3691 eos
572 3622 748 3689 sententiis
780 3622 949 3709 configere,
974 3624 1042 3687 suis
1063 3623 1183 3710 gladiis
1216 3623 1400 3689 interficere
1431 3623 1537 3712 possi

486 3747 567 3795 mus.
613 3723 701 3805 Quid
732 3723 820 3789 enim
843 3725 966 3790 oratori
1000 3732 1070 3790 tam
1099 3726 1240 3813 prodest,
1266 3732 1304 3790 ut
1327 3725 1537 3793 exultantem

487 3828 712 3894 adversarium
735 3826 877 3912 frangat,
893 3848 992 3912 quarn
1015 3828 1148 3914 aliquod
1171 3828 1259 3893 illius
1283 3827 1385 3893 stulte
1409 3828 1537 3895 dictum

487 3935 547 3997 aut
569 3931 696 4015 impure
720 3928 843 3995 factum
866 3935 1140 3996 commemoraret
1165 3935 1199 3995 et
1221 3932 1288 3995 suis
1311 3930 1455 3997 eundern
1477 3954 1537 3999 vo·

486 4032 579 4099 cibus
600 4031 646 4095 sic
668 4030 860 4108 obtundere,
876 4033 981 4118 magis
1004 4036 1042 4096 ut
1065 4033 1189 4119 pudeat
1205 4033 1286 4118 quid
1308 4034 1378 4120 ipsc
1402 4034 1537 4117 dixerit,

486 4157 585 4221 quam
607 4137 695 4199 recte
717 4137 831 4196 caveat
854 4133 933 4219 quid
956 4133 1161 4199 adversarius
1182 4134 1285 4220 possit
1308 4135 1422 4201 dicere.
1469 4135 1538 4205 Sed

486 4236 700 4302 concedamus
723 4233 895 4317 paululum
916 4235 1046 4299 nullum
1069 4236 1106 4299 in
1122 4258 1160 4301 eo
1177 4236 1320 4323 Papistis
1343 4237 1537 4307 scandalum

486 4339 567 4415 dari,
591 4359 651 4402 nec
680 4335 828 4400 historias
861 4334 961 4399 fidem
994 4337 1032 4401 in
1066 4337 1204 4402 dubium
1238 4340 1347 4404 vocari
1380 4344 1537 4426 posse,si

486 4439 593 4503 multa
623 4438 838 4523 corrigantur,
871 4436 979 4501 multa
1000 4459 1042 4503 nc
1064 4438 1252 4507 inserantur
1274 4442 1428 4529 quidem:
1453 4445 1537 4531 quid

484 4540 620 4605 tandem
635 4539 699 4604 erit
720 4539 756 4602 in
774 4538 840 4602 illis
855 4538 953 4624 nugis
976 4544 1010 4603 et
1031 4540 1201 4606 insomniis
1221 4544 1382 4630 periculil
1436 4545 1537 4615 Certe

486 4641 515 4707 si
537 4640 661 4705 deliiiis
684 4645 717 4704 et
739 4640 929 4704 monasticis
951 4640 1158 4707 vanitatibus
1190 4645 1364 4731 quisquam
1387 4648 1537 4716 ebriosus

487 4748 521 4806 et
544 4747 702 4825 tanquam
725 4740 903 4806 fascinatus
933 4742 1043 4818 fuerit,
1067 4741 1095 4805 is
1118 4745 1238 4809 eisdem
1262 4749 1380 4825 credet,
1405 4752 1537 4816 etiamsi

487 4845 524 4906 in
557 4842 678 4905 nostris
709 4840 854 4905 historiis
881 4842 965 4905 nihil
986 4842 1052 4905 tale
1075 4847 1222 4929 reperiat.
1291 4849 1394 4915 Totus
1432 4854 1537 4941 siqui-

487 4946 562 5011 dem
585 4949 746 5006 terrarum
780 4942 868 5009 orbis
897 4944 969 5008 istis
1002 4943 1175 5016 insomniis
1206 4955 1238 5013 et
1273 4951 1439 5018 miraculis
1473 4957 1536 5025 cir.
