3750 6250
491 1054 557 1118 292
816 1064 946 1113 ruens
969 1062 1205 1113 wsssrsonsn

325 1257 511 1310 A.1>.1³s0.“
530 1251 576 1308 sui
611 1268 709 1306 omncs
744 1249 853 1306 insulas
882 1249 986 1323 patriis
1014 1250 1161 1322 praedictis
1191 1248 1355 1320 adjacentes
1386 1247 1539 1312 tenebunt,
1555 1265 1659 1319 mm

492 1340 511 1365 “
530 1353 588 1391 una
605 1354 672 1390 cum
690 1335 793 1390 insulis
811 1353 884 1406 quas
902 1341 1002 1391 tonent
1024 1335 1055 1389 in
1074 1335 1220 1406 praesenti.
1258 1335 1297 1389 Et
1321 1334 1384 1389 Rex
1404 1332 1542 1388 Rranciae
1554 1334 1615 1411 Bag
1627 1339 1652 1384 1³

491 1425 511 1450 ⁴‘
530 1429 561 1477 ot
578 1421 655 1475 filius
679 1439 749 1475 suus
769 1421 875 1485 senior,
897 1440 951 1492 pro
972 1438 1003 1475 so
1022 1427 1052 1474 et
1070 1420 1235 1474 haeredibus
1257 1427 1287 1474 ct
1306 1417 1540 1481 successoribus,
1554 1401 1584 1450 E
1595 1415 1630 1450 ²¹·

492 1507 511 1533 “
530 1506 607 1560 infra
630 1503 770 1560 Sanctum
795 1504 970 1559 Michaelem
993 1504 1124 1575 proximo
1142 1509 1212 1558 tunc
1236 1504 1368 1558 futurum
1391 1502 1430 1556 ad
1445 1519 1542 1556 unum
1554 1466 1658 1585 {⁸¹3⁸

492 1592 513 1616 “
531 1607 647 1652 annum,
668 1587 799 1651 reddent,
819 1587 994 1649 liberabunt,
1012 1593 1042 1641 et
1057 1586 1302 1659 transportabunt,
1323 1585 1401 1657 Regi
1419 1584 1542 1657 Angliae
1554 1600 1615 1650 Νη

491 1676 510 1701 “
530 1680 560 1729 et
578 1672 741 1727 haercdibus
761 1673 831 1734 suis,
852 1689 951 1726 omnes
971 1671 1159 1735 obedientias,
1178 1670 1324 1740 homagia,
1338 1669 1432 1733 feoda,
1449 1670 1541 1740 justi·
1553 1667 1649 1737 Bm

490 1759 509 1785 ‘⁶
529 1757 595 1821 tias,
626 1754 848 1825 recognitiones,
873 1754 1103 1825 jurisdictiones,
1135 1760 1305 1825 patronatus
1335 1753 1540 1818 ecclesiarum,

490 1838 707 1894 “omnimodas
737 1837 946 1892 dominationes
970 1844 1000 1892 et
1023 1837 1251 1909 superioritates,
1283 1844 1313 1893 et
1342 1836 1439 1891 omnia
1458 1838 1539 1908 jura,

502 1926 509 1951 ⁸
528 1942 594 1993 quai
617 1922 724 1977 habent
746 1922 794 1976 vel
811 1920 917 1976 habere
934 1922 1083 1993 potuerint
1100 1922 1130 1976 in
1148 1922 1295 1993 praedictis
1313 1921 1410 1986 terris,
1424 1922 1540 1993 patrna

489 2009 509 2034 “
528 2005 618 2071 villis,
652 2012 683 2061 at
716 2005 804 2059 rebus
837 2006 912 2060 aliis.
957 2005 997 2060 Et
1025 2005 1143 2061 mittent
1173 2006 1211 2060 ad
1242 2022 1341 2060 omnes
1373 2006 1539 2076 superiores

490 2093 509 2118 “
528 2090 727 2153 ecclesiarum,
752 2095 783 2144 et
807 2089 879 2144 alios
903 2090 1037 2144 dominos
1060 2091 1233 2161 temporales
1251 2097 1405 2153 terram,
1430 2090 1539 2161 patria·

489 2176 509 2201 ‘⁶
531 2192 607 2236 rum,
634 2172 834 2236 comitatuum,
867 2180 897 2227 et
925 2172 1056 2228 locorum
1094 2173 1308 2245 praedictorum,
1338 2180 1373 2227 ut
1402 2173 1540 2228 obediant

489 2259 509 2284 ⁴‘
529 2257 606 2327 Regi
626 2256 742 2326 Angliae
763 2263 794 2310 et
816 2256 991 2321 haercdibus,
1015 2258 1090 2313 sicut
1110 2257 1283 2312 obediebant
1300 2257 1376 2327 Regi
1394 2257 1536 2321 Franciae,

490 2343 510 2367 “
529 2347 559 2395 et
578 2358 631 2411 per
651 2358 720 2394 suas
747 2339 860 2394 litteras
880 2358 911 2395 sc
934 2340 1146 2411 adquictabunt
1165 2342 1201 2396 dc
1222 2342 1355 2396 omnibus
1380 2341 1536 2412 homagiis,

490 2427 510 2450 ‘⁴
530 2423 632 2486 leodis,
675 2423 813 2487 servitiis,
845 2424 1083 2495 obligationibus,
1128 2425 1365 2497 subjectionibus,
1409 2433 1440 2480 et
1473 2443 1538 2496 pro·

490 2510 510 2535 ‘⁸
529 2507 725 2571 missionibus,
757 2508 842 2563 factis
872 2527 926 2580 per
955 2510 1083 2580 aliquem
1113 2528 1214 2565 eorum
1250 2510 1327 2581 Regi
1357 2516 1387 2564 et
1422 2527 1537 2564 coronae

491 2593 510 2617 “
530 2591 670 2646 Francioe.
719 2592 759 2646 Et
793 2591 855 2645 Rex
890 2592 1008 2663 Angliae
1043 2594 1154 2649 tenebit
1194 2594 1334 2665 praedicta
1374 2594 1473 2649 omnia
1507 2595 1537 2648 in

490 2677 509 2701 ‘⁴
529 2674 657 2728 dominio
674 2681 705 2729 et
723 2675 754 2730 in
779 2676 994 2746 superioritate,
1015 2696 1081 2748 quae
1101 2678 1131 2731 in
1149 2678 1365 2749 superioritate.
1410 2676 1444 2733 Si
1467 2694 1538 2733 vero

490 2761 510 2785 ‘⁴
529 2758 697 2813 donationes
708 2758 823 2828 aliquae,
838 2760 1035 2825 alienationes,
1050 2761 1252 2833 obligationes,
1270 2762 1316 2817 rel
1328 2762 1429 2832 aliqua
1439 2780 1535 2825 onera,

489 2844 508 2869 ⁴⁸
528 2841 634 2897 fiebant
645 2841 850 2913 predictorum
862 2862 915 2915 per
925 2845 1053 2915 aliquem
1062 2846 1175 2916 Regem
1184 2846 1316 2901 Francia
1325 2865 1343 2900 a
1351 2846 1537 2917 septuaginta

490 2928 510 2953 ‘⁴
530 2926 629 2981 ¹annis
656 2943 750 2997 usque
777 2946 863 2992 nunc,
897 2929 980 2983 nulla
1002 2937 1098 2994 erunt,
1123 2936 1154 2984 et
1176 2949 1223 2985 res
1247 2930 1389 2994 alienatae,
1414 2930 1535 2991 donatae,

489 3013 510 3037 “
529 3029 582 3065 seu
612 3019 746 3075 onerata),
777 3011 937 3067 reddentur
960 3013 1037 3084 Regi
1060 3013 1178 3085 Angliae
1207 3014 1282 3070 citra
1304 3015 1414 3069 festum
1438 3012 1535 3068 Sancti

490 3097 510 3121 ‘⁴
528 3095 681 3151 Michaelis
693 3096 824 3168 proximo
836 3098 985 3164 futurum
1004 3105 1123 3170 excepto
1142 3098 1220 3169 quod
1238 3097 1438 3170 supradictum
1450 3099 1536 3152 estin

489 3182 509 3207 “
527 3180 663 3235 Articulo
680 3180 717 3234 de
735 3181 868 3243 Pontieu,
889 3182 967 3251 quod
997 3183 1179 3253 permanebit
1208 3184 1239 3238 in
1268 3183 1379 3238 virtute
1409 3201 1478 3247 sua3
1505 3186 1534 3234 et

490 3265 510 3290 “
529 3265 657 3336 exeeptis
673 3264 807 3319 omnibus
824 3264 938 3320 collatis
957 3283 1009 3320 seu
1027 3266 1159 3322 alienatis
1175 3267 1212 3320 ad
1227 3267 1375 3332 ecclesias,
1396 3285 1461 3336 quar
1477 3264 1535 3320 illis

491 3350 510 3373 ‘⁶
529 3348 647 3417 pacifice
666 3347 883 3418 permanebunt
920 3349 1050 3405 Habebit
1071 3352 1160 3406 etiam
1178 3351 1241 3405 Rex
1260 3351 1386 3422 Angliae‚
1412 3358 1443 3405 et
1460 3357 1535 3404 tene·

492 3432 511 3455 “
531 3431 582 3486 bil.
608 3432 741 3487 civitates
760 3439 790 3485 et
808 3433 916 3501 patrias
942 3434 1086 3502 praelatas.
1106 3453 1171 3504 qua*
1195 3436 1356 3505 antiquitus
1375 3452 1433 3488 non
1456 3438 1536 3487 erant

492 3516 510 3538 “
531 3513 621 3580 Regis
652 3515 776 3582 Anglire.
806 3517 882 3570 sicut
907 3516 968 3568 Rex
996 3518 1126 3572 Francia
1154 3532 1204 3572 aut
1234 3519 1310 3573 filim
1342 3538 1412 3572 suus
1443 3519 1536 3571 senior

492 3600 511 3622 ‘⁶
531 3609 609 3651 temet
629 3598 658 3650 in
683 3600 829 3667 praesenti.
856 3611 884 3653 et
904 3600 979 3654 intra
1004 3601 1111 3656 limites
1131 3603 1289 3672 patriarum
1314 3602 1535 3672 ²praedicturum

492 3684 511 3704 ‘⁸
532 3699 596 3747 qun·
615 3682 788 3751 abantiquo
816 3697 898 3737 enuit
924 3684 1014 3752 Regis
1034 3686 1158 3755 Angliae.
1186 3705 1252 3740 eum
1278 3687 1424 3756 aliquibus
1451 3686 1535 3738 rebus

491 3768 511 3788 “
532 3783 596 3832 quw
615 3765 770 3833 aliquunde
794 3768 924 3836 ejusdem
952 3770 1075 3826 suerunt.
1096 3771 1172 3823 unde
1190 3771 1250 3824 Rex
1277 3770 1407 3824 Francia
1426 3772 1456 3823 in
1475 3788 1536 3839 pos·

492 3851 511 3872 “
531 3849 658 3899 sessione
671 3851 825 3917 puniuerat
839 3853 867 3903 in
880 3851 928 3903 die
947 3852 1017 3905 belli
1031 3854 1066 3905 de
1079 3853 1222 3923 PortierS,
1242 3868 1327 3909 errmt
1345 3871 1374 3908 et
1392 3870 1537 3925 permanc-

492 3940 511 3957 ··
532 3932 601 3984 liunt
631 3932 705 3999 Regi
732 3935 856 4003 Anglizr.
902 3936 964 3989 Rex
992 3956 1108 4006 quoque
1136 3940 1251 4008 Angliae
1279 3941 1374 3992 omnia
1402 3938 1537 4009 praedicta

492 4020 512 4041 ¹·
532 4015 640 4069 tenebit
658 4031 794 4085 uniquam
810 4020 923 4072 ricinus
937 4020 1027 4089 Regis
1047 4022 1186 4080 Fraucire.
1205 4023 1313 4093 absque
1333 4038 1537 4092 recognoscere

492 4104 511 4125 ‘⁶'
531 4100 773 4169 atqierioriuuem.
797 4103 890 4155 faeere
913 4104 1090 4172 boruugium.
1117 4123 1266 4164 resortem.
1292 4107 1339 4160 rel
1363 4107 1463 4176 aliqua
1481 4124 1537 4160 ser·

491 4188 510 4210 ⁴‘
531 4186 601 4237 ritis
632 4184 698 4239 alia.
731 4204 782 4237 seu
813 4189 1033 4256 memmimus.
1066 4190 1140 4259 Regi
1174 4209 1225 4244 seu
1256 4210 1367 4244 coronae
1398 4192 1535 4245 Francius.

492 4277 510 4293 ⁸·
532 4269 592 4321 Rex
607 4269 725 4337 quidem
737 4269 866 4322 francia*
885 4287 913 4324 et
933 4273 1010 4325 tilius
1029 4292 1099 4326 snus
1119 4277 1214 4327 senior
1229 4276 1439 4329 remmciabunt
1454 4275 1537 4329 dictae

493 4361 511 4376 ¹·
532 4354 644 4408 resorri.
672 4354 880 4423 superiorituti.
908 4370 936 4409 et
961 4358 1022 4425 juri
1042 4376 1107 4426 qua‘
1127 4358 1241 4415 habent.
1262 4360 1308 4412 rel
1336 4360 1442 4413 habere
1462 4375 1537 4430 pote

492 4444 510 4459 ‘¹
531 4453 607 4492 runt.
628 4457 693 4507 quie
712 4440 847 4507 pneseuri
871 4452 998 4493 tructam
1017 4441 1120 4494 deberu
1147 4445 1291 4511 pertinere
1317 4444 1392 4511 Regi
1411 4444 1535 4512 Angliae.

492 4525 510 4542 ⁴¹
532 4520 682 4577 Similiter.
704 4522 764 4575 Rex
784 4523 899 4591 Angliae
918 4521 995 4593 ³[se]
1024 4526 1099 4578 :iiius
1126 4545 1195 4579 suus
1215 4529 1311 4580 senior
1329 4527 1537 4580 renunciabant

492 4610 511 4626 ¹·
529 4605 661 4657 omuibus
686 4624 750 4674 quie
778 4623 830 4675 per
855 4624 1026 4676 praesentem
1053 4625 1206 4663 interatum
1232 4630 1287 4663 nen
1312 4612 1354 4662 eis
1373 4610 1535 4664 truduntur.

525 4850 530 4877 ¹
544 4852 630 4897 :imis
642 4851 668 4899 iu
680 4855 744 4918 erig.
1067 4862 1076 4888 ³
1089 4860 1207 4925 Supplied
1220 4864 1282 4911 from
1295 4864 1338 4912 ibe
1350 4865 1449 4926 [mered
1470 4875 1536 4912 texts

522 4929 706 4990 ‘panii-am
720 4935 745 4981 in
763 4937 838 4998 orig:
861 4939 894 4998 by
914 4937 984 4986 inad-
1036 4941 1085 4988 and
1098 4941 1152 4991 MS.
1166 4942 1230 4990 Risi.
1244 4943 1306 5006 Reg.
1322 4949 1351 4990 la
1362 4944 1390 4991 f.
1401 4945 1437 4993 ix.

490 5019 611 5056 mm.
