3750 6250
667 1094 831 1145 HISTORIA
853 1095 1058 1146 rnamenta
1319 1089 1381 1152 391

200 1283 230 1333 s,
240 1284 308 1337 ΒΜ,
339 1266 471 1321 homines
490 1267 681 1339 supradictos,
701 1269 883 1341 promittens,
903 1270 929 1325 si
947 1270 1026 1326 idem
1038 1271 1181 1329 Dominus
1193 1273 1284 1345 Engo
1295 1275 1385 1330 vellet
1396 1271 1463 1322 AD·
1478 1279 1548 1326 1359.

199 1365 235 1428 ag.
252 1356 281 1400 1³
338 1350 369 1404 in
386 1352 537 1423 regionem
554 1353 719 1418 ascendere,
739 1354 865 1409 multum
876 1354 1007 1425 placeret
1024 1356 1148 1413 dominis
1167 1363 1197 1413 ct
1214 1358 1384 1414 habitatori-

213 1432 253 1469 ¹¹·
339 1434 394 1489 bus
412 1435 509 1491 ¹illius
533 1442 631 1500 terrm,
651 1443 684 1492 et
700 1437 778 1508 qnod
795 1438 853 1509 ipsi
871 1440 967 1509 parati
992 1441 1111 1495 fuerunt
1136 1441 1174 1496 ad
1200 1441 1383 1498 liberandum

339 1518 396 1572 sibi
424 1519 512 1575 villas
541 1522 669 1576 munitas
694 1527 725 1576 et
749 1521 878 1577 castella.
909 1521 943 1577 Si
968 1528 1066 1578 tamen
1093 1524 1184 1579 vellet
1208 1526 1317 1580 morari
1347 1526 1385 1581 ad

338 1607 468 1677 regionis
495 1609 665 1674 custodiam,
694 1610 802 1665 obtulit
827 1610 949 1682 insuper
973 1610 1052 1665 idem
1078 1610 1240 1677 Galfridus,
1268 1614 1384 1668 nomine

338 1691 502 1762 principum
513 1694 652 1763 regionis,
666 1693 723 1749 sibi
734 1694 882 1758 victualia,
902 1700 932 1750 et
949 1694 1030 1749 mille
1049 1712 1138 1766 equos
1157 1696 1296 1752 exercitui
1321 1715 1382 1763 suo,

338 1775 363 1828 si
381 1775 510 1846 placeret
526 1778 553 1831 ei
571 1795 624 1848 per
641 1778 766 1849 patriam
783 1778 924 1848 equitare.
963 1777 1022 1834 Sed
1033 1778 1111 1833 idem
1129 1779 1271 1834 Dominus
1282 1781 1382 1851 Engo,

338 1859 433 1928 quoad
457 1860 666 1931 equitationem
690 1860 739 1915 vel
764 1879 875 1916 moram
900 1878 1041 1916 excusans
1069 1880 1109 1927 se,
1138 1860 1220 1919 dixit·
1241 1863 1321 1918 aliud
1350 1883 1383 1919 se

337 1943 444 1998 habere
461 1962 534 2017 opus
552 1945 821 2009 consummandum,
836 1945 914 2017 quod
926 1952 1102 2018 susceperat,
1116 1964 1170 2002 nec
1181 1965 1266 2018 posse
1278 1966 1381 2005 vacare

337 2044 389 2098 pro
407 2033 485 2093 tuno,
505 2029 679 2095 ullomodo,
699 2028 737 2084 ad
754 2030 992 2085 satisfaciendum
1009 2030 1085 2085 votis
1104 2047 1213 2085 eorum.

593 2312 883 2400 Archiepiecopue
907 2311 1131 2380 C'oeeilleust'e.

372 2458 434 2514 Sub
451 2458 562 2514 eisdem
579 2458 683 2513 diebus
700 2458 782 2515 veuit
798 2476 816 2513 a
827 2458 921 2513 Roma
931 2457 1179 2530 Archiepiscopus
1197 2458 1382 2517 Oassillensis
1395 2475 1451 2527 The
1458 2476 1541 2527 Area.

336 2542 523 2606 Hiberniam,
551 2543 601 2614 qui
632 2542 703 2598 illuc
732 2542 841 2597 missus
872 2542 969 2597 luerat
998 2542 1171 2612 urgentibus
1210 2542 1524 2614 quibusdambishopor

335 2628 441 2691 causis,
472 2632 623 2699 reportans
648 2644 785 2697 magnam
809 2632 984 2697 potestatem
1001 2626 1114 2697 ligandi
1133 2632 1163 2681 et
1180 2627 1320 2694 solvendi,
1340 2630 1382 2683 in·
1396 2609 1510 2709 (Ἄθω,

334 2711 446 2765 dultam
472 2711 528 2765 sibi
554 2711 590 2765 ab
610 2710 788 2782 Apostolico.
834 2710 909 2765 (lum
934 2715 1032 2764 autem
1057 2710 1185 2766 venisset
1210 2711 1382 2778 Londoniaa,
1395 2676 1444 2791 {¹13¹
1446 2692 1553 2793 ffin‘ffif

333 2795 432 2850 habito
459 2813 591 2850 sermone
611 2796 649 2850 ad
672 2795 821 2867 populum,
843 2794 1031 2849 denunciavit
1054 2792 1167 2864 Regem
1192 2794 1333 2861 Francia,
1354 2804 1384 2852 et
1395 2759 1549 2860 Franoenffnd

333 2886 476 2949 quotquot
504 2879 658 2951 Antipapae
683 2877 878 2942 adhaerebant,
905 2877 1052 2932 involutos
1078 2880 1382 2935 excommunicationis
1395 2874 1524 2926 lhessdbe-

332 2964 492 3027 scntentia;
510 2981 680 3017 asseverans
698 2962 787 3017 etiam
810 2961 873 3032 jam
899 2960 1016 3031 Angliae
1041 2961 1102 3015 sore
1120 2966 1235 3033 tempus
1254 2970 1382 3034 accepta·
1393 2943 1548 3057 ἷξξῗοῖὡθ

332 3047 401 3110 bile,
421 3053 481 3102 tam
511 3047 542 3101 in
571 3065 659 3102 causa
676 3045 752 3100 ²Dei
782 3063 869 3116 quam
898 3044 929 3098 in
953 3060 1040 3099 causa
1066 3043 1170 3114 Regis
1186 3044 1313 3115 Angliae,
1344 3047 1382 3101 ad
1458 3025 1527 3073 ΜΘ·

332 3132 526 3188 invadendum
555 3149 679 3202 regnum
696 3130 837 3194 Francia,
862 3129 1027 3200 praesertim
1043 3145 1110 3182 cum
1127 3134 1205 3183 esset
1220 3130 1381 3186 verisimile

332 3218 409 3290 quod
426 3218 489 3272 Rex
507 3217 766 3273 anathematizatus
784 3233 841 3270 non
858 3214 979 3270 haberet
996 3213 1132 3269 fiduciam
1149 3214 1313 3269 resistendi.

585 3495 816 3563 Proctrmotio
839 3501 960 3561 contro
980 3495 1125 3583 Papum.

366 3647 452 3701 Circa
469 3646 547 3700 idem
565 3645 773 3716 tompus,ch
794 3643 924 3699 Francia
950 3643 1021 3698 fecit
1046 3643 1218 3715 proclamari
1243 3662 1295 3715 per
1313 3645 1375 3699 uui·
1391 3628 1532 3706 l'foelflfflss·

329 3749 446 3786 versum
463 3748 587 3800 rognum
606 3748 701 3792 suum,
715 3728 793 3799 quod
810 3728 908 3782 nullus
926 3733 1043 3800 pareret
1053 3727 1101 3782 vel
1118 3728 1249 3783 obediret
1260 3729 1376 3784 Urbano
1390 3697 1534 3826 ffiffisffie

329 3816 425 3886 Papae.
463 3813 590 3882 Quodsi
609 3813 716 3883 aliquis
735 3818 900 3876 attentaret,
921 3811 1123 3867 decollandum
1142 3830 1173 3867 se
1190 3820 1332 3878 nosceret,
1346 3820 1376 3868 et
1389 3828 1485 3877 france

330 3899 425 3954 omnia
443 3899 517 3953 bona
535 3916 588 3952 sua
605 3897 715 3967 'regiis
734 3897 835 3952 usibus
854 3894 1044 3951 confiscanda.
1387 3894 1487 4023 &apicum

1389 4025 1484 4078 Urbsu.

617 4166 895 4234 Porlionnentwm
918 4166 1086 4234 Load‘nti.

362 4304 471 4358 Eodem
498 4322 573 4359 anno
597 4306 707 4359 factum
737 4309 782 4358 eat
806 4303 1035 4359 Parliamontum
1066 4303 1231 4368 Londoniis,
1258 4303 1289 4357 in
1316 4321 1373 4373 quo
1387 4308 1541 4360 Parliamcnt

327 4389 384 4442 suit
407 4388 581 4452 ordinatum,
596 4388 674 4458 quod
691 4386 889 4442 immunitates
908 4393 938 4441 et
955 4387 1111 4458 privilegia
1129 4387 1257 4442 ecclesian
1278 4386 1373 4441 Wcst-
1386 4375 1532 4426 ”hildm-

326 4472 561 4526 monasteriensis
587 4472 700 4526 illibata
726 4476 892 4537 manerent3
919 4471 971 4525 sed
988 4471 1120 4542 apposita
1137 4476 1183 4525 est
1199 4470 1373 4525 modificatio
1386 4467 1508 4545 lJnmuni·

327 4557 398 4611 aatis
422 4555 602 4611 rationabilis
629 4562 717 4626 atque
745 4554 836 4620 utilis,
865 4572 953 4625 super
980 4554 1152 4624 impunitate
1178 4552 1295 4607 illorum
1321 4554 1372 4624 qui
1386 4534 1523 4584 ”emme

360 4743 551 4751 --—-.--.⁴
566 4747 595 4751 .-
632 4746 721 4751 ...-...
733 4744 1023 4751 .*-”-..,......--ι
1060 4742 1251 4749 ..mn-..umam
1270 4744 1364 4752 ...κ

361 4867 492 4930 'ipsiusin
504 4867 547 4917 the
557 4869 656 4932 printed
666 4878 740 4919 texts,
907 4867 1025 4932 'recidua
1052 4866 1080 4916 iu
1103 4866 1175 4931 orig„
1200 4869 1235 4932 by
1257 4868 1372 4918 inadver-

360 4946 469 4996 ²'rhese
487 4947 543 4996 four
560 4949 642 4997 words
661 4963 703 4998 are
721 4947 826 4998 omitted
876 4955 954 4997 truce.

325 5024 353 5072 in
365 5025 407 5074 the
419 5024 518 5088 printed
530 5034 603 5076 texts.
