3750 6250
673 1099 854 1150 ruarmo
876 1099 925 1152 AD
949 1099 1134 1151 Lucrum.
1404 1095 1425 1157 3

372 1287 543 1368 onmfluit;
571 1292 607 1354 et
644 1289 703 1375 qui
740 1290 776 1354 in
821 1289 973 1355 sordibus
1011 1297 1070 1369 ost,
1104 1291 1268 1359 sordescet
1306 1293 1420 1360 odhuo.

373 1388 469 1470 Quod
490 1410 566 1456 cum
588 1391 638 1457 ita
659 1392 714 1471 sit,
731 1391 904 1457 videamus
927 1393 1002 1478 quis
1023 1394 1070 1459 sit
1092 1394 1191 1461 hodie
1213 1417 1324 1461 rerum
1348 1417 1421 1462 nos-

371 1499 496 1560 trarum
523 1498 632 1559 status
654 1494 691 1558 in
713 1494 848 1581 Anglia,
871 1499 907 1561 et
929 1502 1043 1561 utrum
1077 1498 1216 1563 nimium
1239 1520 1283 1563 an
1305 1520 1421 1585 pamm

370 1596 530 1664 eredendo
552 1596 658 1685 magis
689 1597 872 1683 periculum
903 1600 1102 1686 impendeat.
1164 1601 1251 1667 Sane
1286 1598 1420 1688 quidem

371 1699 448 1786 (tibi
469 1704 589 1787 grates,
613 1699 643 1766 Ο
670 1699 805 1765 Summe
830 1701 955 1790 Peter),
978 1703 1027 1767 ita
1050 1703 1141 1769 omni
1163 1725 1206 1769 ex
1229 1711 1326 1790 purte
1347 1705 1419 1771 bes-

370 1803 426 1871 ua
448 1823 578 1889 magnae
612 1806 647 1870 ct
678 1803 834 1889 tricipitis
857 1811 956 1892 eaput
990 1806 1170 1871 contritum
1193 1810 1251 1882 est,
1273 1806 1323 1872 ita
1345 1829 1421 1873 oon-

370 1926 471 1976 cussae
493 1910 574 1972 sunt
595 1926 694 1992 nngae
728 1908 928 1987 monasticae,
952 1908 1003 1973 ita
1025 1908 1170 1994 depulsae
1192 1910 1347 1990 tenebrae,
1371 1911 1421 1976 ita

368 2006 428 2074 lux
459 2008 662 2096 Evangeliea
692 2015 883 2095 propagata,
912 2014 952 2075 ut
976 2032 1073 2075 nemo
1092 2011 1162 2096 jam
1186 2012 1268 2077 adeo
1290 2011 1419 2078 hebetis

368 2115 403 2178 et
423 2111 537 2178 obtusi
558 2110 684 2197 ingenii
707 2111 842 2197 Papista
864 2112 916 2191 sit,
934 2113 1016 2199 quin
1038 2112 1201 2200 Legendae
1217 2114 1337 2180 Aureae
1359 2116 1420 2180 mi-

368 2214 487 2293 racula,
504 2219 538 2280 at
559 2214 627 2280 illis
638 2214 828 2294 consimilia,
844 2215 887 2280 ad
902 2215 1071 2301 politicam
1088 2216 1246 2282 Romanae
1263 2216 1418 2284 Ecclesia

367 2316 639 2404 gubernationem
662 2318 773 2405 potius
794 2319 983 2404 excogitata
1005 2318 1103 2396 diuet,
1119 2340 1217 2405 quam
1240 2341 1274 2385 se
1297 2320 1418 2385 eisdem

368 2419 497 2486 eredere
519 2440 651 2507 quoquo
673 2420 770 2487 modo
792 2420 945 2487 fateatur.
1008 2420 1054 2487 Et
1076 2426 1116 2487 ut
1138 2423 1271 2508 propius
1294 2422 1336 2487 sd
1358 2443 1419 2488 nos

369 2523 547 2601 veniamus,
571 2522 628 2609 (ut
657 2544 747 2590 nunc
776 2529 856 2588 sunt
878 2522 1053 2588 hominum
1075 2524 1223 2610 ingenia)
1249 2546 1359 2589 nonne
1382 2524 1418 2589 id

368 2626 476 2712 potius
499 2625 713 2691 metuendum
736 2629 795 2703 ast,
817 2647 861 2691 no
890 2626 989 2690 multi
1012 2627 1081 2691 sint
1107 2627 1163 2712 qui
1187 2649 1221 2693 se
1244 2627 1328 2690 nihil
1351 2648 1419 2693 ere-

367 2732 442 2800 dere
464 2738 615 2820 oportere
638 2733 841 2810 existimant,
865 2755 965 2818 quam
989 2738 1028 2797 ut
1051 2733 1147 2820 pauci
1171 2734 1338 2820 supersint
1361 2734 1418 2820 qui

367 2835 505 2902 nimium
520 2835 681 2901 credantl
725 2834 834 2921 Magis
855 2841 896 2900 ut
918 2836 1105 2901 miseranda
1120 2836 1251 2901 illorum
1266 2837 1419 2923 ignoren-

367 2939 423 3019 tia,
453 2960 554 3026 quam
587 2937 724 3004 ferenda
757 2928 898 3004 istorum
932 2939 1148 3004 incredulitas
1178 2944 1212 3004 et
1243 2940 1419 3006 insolentie

365 3042 540 3109 videatur?
584 3041 727 3109 Utinam
750 3040 897 3128 profecto
919 3042 982 3106 iste
1006 3063 1111 3106 sermo
1135 3043 1284 3129 quotidie
1306 3044 1343 3107 in
1358 3042 1419 3107 cir-

366 3146 447 3212 culis
468 3149 504 3211 et
526 3145 691 3211 conviviis
719 3144 856 3210 liberius
886 3166 954 3209 non
989 3146 1106 3222 exiret,
1136 3150 1271 3209 tantum
1294 3166 1328 3209 sa
1351 3167 1417 3210 cre·

368 3247 443 3314 dere
475 3269 638 3334 quemque
672 3259 833 3333 oportere,
865 3251 1028 3333 quantum
1062 3247 1191 3312 rationo
1218 3244 1276 3333 (no
1310 3247 1417 3313 dicam

364 3354 473 3434 sensu)
497 3351 652 3436 consequi
686 3356 865 3437 poterunt:
901 3351 937 3414 in
960 3355 1102 3435 utroque
1124 3354 1272 3414 extremo
1295 3350 1417 3415 vitium

364 3460 420 3532 est,
442 3456 479 3521 in
501 3454 558 3519 illo
580 3473 732 3529 erassum,
754 3454 789 3517 in
812 3453 877 3518 isto
898 3453 1125 3539 periculosum.
1186 3452 1242 3516 Illi
1276 3453 1417 3519 nimium

365 3556 510 3645 desipere
540 3555 763 3622 videbantur:
794 3577 855 3622 nos
885 3557 1026 3620 nimium
1059 3576 1172 3642 sapere
1194 3554 1300 3620 videri
1322 3556 1415 3621 volu-

367 3681 447 3727 mus.
493 3659 566 3746 Ego
600 3658 753 3745 equidem
787 3659 918 3745 quoties
941 3659 978 3722 in
1000 3658 1128 3723 fabulas
1162 3658 1360 3724 monasticus
1382 3665 1416 3725 et

363 3763 464 3829 aniles
497 3763 639 3849 ineptias
661 3761 770 3827 oculos
793 3761 938 3846 conjicio,
961 3761 1077 3826 iisdem
1110 3782 1238 3825 summa
1260 3782 1334 3826 cum
1356 3740 1415 3827 do·

364 3864 493 3952 lnptate
514 3887 587 3931 mea
621 3865 720 3932 fruor.
779 3865 940 3950 Apertam
963 3864 1053 3928 enim
1076 3864 1140 3930 Dei
1162 3864 1357 3941 bonitatem,
1380 3869 1415 3930 et

363 3987 550 4056 expressam
592 3967 849 4033 misericordiam
886 3967 923 4031 in
959 3972 1075 4031 nostra
1112 3972 1263 4053 tempora
1300 3967 1414 4033 videre

363 4070 444 4137 mihi
478 4070 601 4138 videor.
657 4069 796 4134 Intueor
827 4069 989 4154 siquidem
1023 4069 1138 4134 eodem
1175 4074 1342 4133 momento
1380 4075 1415 4136 et

364 4172 477 4240 inanes
510 4172 584 4238 illas
619 4172 784 4247 tenebras,
809 4193 891 4258 quas
923 4178 1056 4258 patrum
1087 4177 1276 4236 nostrorum
1311 4172 1413 4236 oculis

364 4275 454 4342 Deus
477 4274 603 4352 effudit,
629 4279 665 4341 et
695 4275 891 4339 immensam
921 4274 1036 4352 lucem,
1064 4295 1163 4359 quam
1196 4273 1284 4338 idem
1316 4274 1412 4338 nobis

365 4399 478 4445 eorum
501 4379 640 4465 posteris
653 4376 823 4443 revelavit.
870 4375 975 4442 Istius
989 4377 1165 4443 sententiae
1179 4377 1283 4441 bonos
1298 4396 1410 4441 omnes

356 4480 457 4565 juxto
479 4502 606 4548 mecum
632 4500 702 4545 esse
724 4480 886 4558 existimo,
914 4481 1082 4566 magisque
1103 4500 1225 4558 vereor,
1249 4479 1277 4542 si
1300 4479 1410 4544 omnia

361 4583 547 4649 istiusmodi
592 4582 720 4647 somnia
752 4586 787 4646 et
822 4581 939 4647 deliria
976 4582 1154 4660 deleantur,
1199 4602 1241 4645 ne
1273 4580 1408 4645 tandem

364 4685 541 4773 aliquando
557 4684 700 4771 Papistae
723 4689 847 4771 negent
868 4683 1056 4769 hujusmodi
1074 4705 1179 4770 nugas
1201 4683 1237 4746 in
1265 4682 1410 4748 Ecclesia

365 4788 549 4876 Anglicana
570 4808 717 4872 unquam
747 4786 847 4851 fuisse
881 4793 959 4851 ante
991 4788 1102 4851 diruta
1125 4785 1285 4851 Coenobia
1308 4786 1407 4870 (quod

363 4892 459 4957 multi
486 4888 686 4977 jamdudum
719 4889 926 4973 factitarunt)
943 4900 1058 4974 'quam
1080 4895 1120 4953 ut
1142 4889 1255 4954 eadem
1276 4910 1312 4952 ra
1334 4908 1407 4973 per-

364 4999 478 5082 specta,
493 4999 529 5062 et
550 4991 684 5081 cognita
704 4991 854 5069 veritate,
871 5011 1058 5077 quenquam
1080 4990 1254 5076 decipiant
1298 4989 1407 5054 Multa

1205 5095 1272 5156 Α2
