3750 6250
485 1090 550 1153 260
809 1103 937 1153 raons
961 1102 1194 1152 wassruuuan

317 1290 503 1346 a.n.1ao.·‘
524 1289 601 1341 tione
620 1287 740 1352 sincera,
761 1305 850 1358 quam
868 1288 905 1342 ad
924 1287 1079 1342 Dominum
1099 1295 1128 1340 et
1146 1291 1358 1340 socrosanctam
1370 1286 1531 1340 Romanam
1544 1305 1594 1355 MS¹
1604 1303 1636 1354 pp

486 1374 504 1397 ‘⁶
524 1371 694 1435 Ecclesiam,
714 1378 837 1425 matrem
855 1379 946 1436 tuam,
961 1388 1063 1442 gerere
1081 1371 1251 1432 dinosceris,
1271 1371 1348 1424 sieut
1365 1370 1454 1424 clarae
1472 1387 1530 1423 me·
1543 1373 1631 1436 Replt

485 1459 503 1481 “
523 1455 623 1509 moriae
641 1456 840 1526 progenitores
867 1456 920 1518 tui,
944 1456 1040 1527 Reges
1067 1455 1194 1524 Angliai,
1222 1460 1386 1525 gesserunt,
1414 1453 1485 1508 dnm
1502 1454 1531 1507 in
1545 1439 1611 1488 Μ

486 1541 503 1564 “
525 1538 658 1593 humanis
676 1547 805 1609 agerent,
820 1557 855 1593 ea
872 1539 908 1593 de
927 1545 978 1594 tua
1003 1540 1180 1609 processisse
1206 1538 1391 1600 couscientia,
1407 1537 1533 1592 faciliter

486 1629 504 1650 ‘⁸
524 1623 642 1678 credere
660 1641 717 1677 non
735 1624 875 1678 valemus.
915 1623 1035 1677 Certum
1057 1629 1103 1677 est
1121 1631 1228 1685 autern,
1253 1621 1330 1692 quod
1354 1640 1411 1675 non
1440 1620 1533 1675 solum

488 1712 506 1734 ‘⁶
526 1708 557 1761 in
576 1725 667 1778 regno
688 1713 718 1762 et
741 1709 828 1763 terris
848 1708 907 1761 tuis
929 1706 1088 1777 praedictis,
1114 1707 1202 1760 immo
1229 1707 1311 1775 (prasi
1339 1706 1370 1759 in
1400 1704 1533 1758 euntibus

487 1792 625 1862 “regnis
662 1798 693 1847 et
721 1791 864 1862 partibus,
894 1800 955 1845 tam
991 1790 1163 1860 propinquis
1198 1807 1286 1859 quom
1320 1788 1452 1850 remetiri,
1484 1787 1532 1841 ubi

484 1879 502 1901 ‘⁴
523 1875 680 1930 Catholicae
702 1875 768 1929 fidei
788 1875 870 1944 viget
890 1873 997 1937 cultae,
1027 1874 1094 1927 aliis
1125 1873 1207 1927 novis
1235 1871 1440 1926 Cardinalibus
1469 1888 1531 1925 con·

484 1959 647 2013 “similem
677 1959 803 2028 gratiam
831 1957 963 2020 fecimus,
995 1957 1025 2010 in
1056 1957 1162 2027 quibus
1191 1956 1379 2010 rebellionem
1406 1954 1533 2025 aliquam

483 2048 500 2069 ··’
520 2050 626 2114 praeter
653 2041 831 2113 praedictam,
861 2059 958 2111 quam,
988 2041 1012 2094 si
1043 2058 1114 2095 vera
1144 2041 1191 2104 sit,
1215 2058 1281 2093 enm
1311 2038 1410 2092 dolore
1439 2037 1532 2093 cordis

483 2133 501 2153 '¹'
520 2127 676 2180 referimus
699 2124 999 2188 facta1n‚nullateruis
1020 2124 1187 2178 audivimus
1208 2139 1437 2194 usquequaque3
1464 2123 1532 2176 satis

486 2215 503 2237 ‘⁶
524 2227 652 2280 namque
692 2208 851 2262 honoribus
884 2217 914 2263 et
947 2208 1106 2262 commodis
1142 2208 1234 2277 regiis
1271 2205 1462 2260 credebamus
1504 2213 1532 2259 et

483 2301 500 2321 ¹·
522 2292 668 2348 credimus
687 2291 832 2362 expedire,
862 2290 941 2361 quod
968 2290 1148 2354 cardinales,
1179 2298 1209 2346 et
1241 2290 1284 2343 illi
1314 2289 1450 2354 maxime,
1483 2289 1530 2358 qui

482 2381 500 2404 “
520 2376 692 2431 naturaliter
710 2375 875 2429 afficiuntur
894 2375 931 2428 ad
949 2375 1072 2429 honores
1094 2382 1124 2430 et
1143 2373 1293 2429 commoda
1312 2379 1364 2428 tua
1383 2374 1474 2442 regia,
1503 2374 1531 2426 in

483 2467 501 2487 ‘⁸'
522 2478 612 2531 regno
633 2465 664 2513 et
683 2460 770 2513 terris
792 2459 851 2513 tuis
876 2458 1017 2513 beneficia
1045 2459 1194 2513 obtineant
1225 2456 1432 2518 ecclesiastica,
1464 2457 1529 2526 quia

483 2548 500 2570 ⁸·
521 2562 556 2597 ex
576 2543 631 2597 hoe
652 2542 842 2612 proculdubio
855 2542 994 2597 libentius
1015 2551 1045 2597 et
1063 2543 1245 2612 frequentius
1267 2540 1304 2596 ad
1323 2540 1529 2611 promovendos

482 2632 499 2654 ‘¹'
520 2628 667 2698 profectus
689 2627 785 2695 regios
807 2626 994 2689 inducuntur,
1018 2633 1048 2681 ct
1067 2627 1179 2681 utinam
1212 2627 1256 2680 illi
1285 2626 1336 2696 qui
1367 2623 1472 2680 nutriti
1495 2623 1528 2677 de

480 2715 498 2737 ‘⁴
519 2711 605 2764 micis
624 2709 755 2780 ejusdem
785 2710 923 2764 Romarm
948 2710 1098 2774 Ecclesiae,
1128 2710 1216 2765 etad
1244 2711 1367 2765 honores
1388 2715 1419 2763 et
1438 2714 1528 2763 status

483 2797 501 2819 ¹‘
522 2794 641 2849 exaltati
662 2811 714 2863 per
732 2811 806 2857 eam,
829 2794 1037 2863 impedimenta
1058 2800 1088 2849 et
1108 2795 1166 2848 alia
1185 2793 1325 2864 prodicta
1348 2809 1527 2864 procurasse,

480 2882 498 2903 “
518 2895 575 2932 non
603 2877 715 2946 absque
743 2895 857 2948 magnae
878 2878 1099 2947 ingratitudinis
1119 2878 1200 2940 uitio,
1223 2885 1253 2932 ct
1278 2876 1343 2931 aliis
1374 2876 1436 2930 suis
1457 2877 1529 2947 peri·

483 2967 501 2988 ‘⁶
522 2962 596 3017 culis
617 2961 819 3016 verisimiliter
849 2963 1064 3024 existimantur,
1088 2980 1121 3015 ex
1142 2962 1258 3032 quibus,
1281 2967 1390 3031 prater
1407 2961 1463 3015 boe
1483 2977 1526 3014 ex·

481 3050 499 3072 “
519 3045 787 3099 commimicationis
822 3051 851 3100 et
881 3045 947 3099 aliis
980 3046 1074 3115 poenis
1102 3053 1132 3100 et
1156 3045 1307 3099 sententiis
1337 3044 1527 3115 promulgatis

481 3134 498 3156 ‘⁶
519 3130 658 3186 adversus
685 3130 758 3184 tales
788 3147 806 3183 a
831 3130 999 3193 canonibus,
1030 3148 1062 3183 se
1091 3129 1254 3200 periculose
1275 3129 1400 3183 nimium
1431 3129 1524 3199 subje-

480 3220 498 3241 “
518 3222 629 3278 rerunt,
652 3233 717 3286 quar
741 3214 854 3273 salutis.
870 3215 963 3271 sarrire.
987 3222 1017 3269 ct
1037 3213 1155 3267 bonoria
1168 3215 1244 3284 regii
1257 3213 1355 3267 felicia
1367 3214 1526 3283 respiciunt

480 3302 497 3324 ⁴·
519 3300 705 3361 incrementa,
743 3297 877 3351 fidelibus
916 3297 1103 3352 intenderunt
1139 3297 1254 3360 studiis,
1290 3304 1320 3352 et
1351 3297 1526 3351 contrarium

479 3386 497 3407 ‘¹
518 3381 693 3451 {receptando
714 3380 1122 3452 nequaquamlucr-apropria
1142 3381 1196 3435 snb
1215 3399 1303 3434 maiia
1332 3382 1417 3451 regia
1444 3397 1525 3433 vena·

480 3476 497 3490 ‘¹
520 3472 628 3518 rentur.
668 3465 802 3521 lienium.
817 3465 930 3532 regioni
945 3483 1082 3531 rogamus
1096 3464 1305 3519 excellentiam.
1321 3465 1391 3517 etin
1406 3463 1526 3518 Domino

474 3556 491 3572 ⁴·
513 3548 650 3602 attentius
672 3549 865 3609 exhortantur,
898 3556 1040 3616 ‹piatemrs
1070 3549 1128 3601 hiis
1159 3567 1223 3617 qua
1254 3548 1458 3617 prumisimus.
1489 3558 1517 3599 et

479 3642 495 3655 ¹·
517 3632 583 3683 aliis
618 3651 682 3701 epau
717 3633 746 3684 in
780 3631 833 3685 hac
868 3639 949 3701 purte
983 3633 1236 3702 circumspectioni
1279 3633 1368 3700 regim
1406 3638 1525 3701 pessunt

478 3720 495 3738 ‘¹
517 3733 677 3776 occurrere,
716 3714 850 3782 diligenti
890 3715 1138 3784 praemeditatione
1177 3717 1254 3768 intra
1286 3715 1412 3784 pectoris
1453 3716 1524 3783 regii

479 3810 495 3822 ··
517 3797 644 3850 claustra
674 3798 823 3853 discussis.
856 3816 889 3851 ea
917 3817 982 3867 quae
1013 3808 1114 3853 contra
1145 3800 1238 3852 dictos
1267 3807 1471 3867 procuratores
1499 3810 1525 3851 et

479 3886 495 3906 ··’
518 3881 656 3950 quosdam
679 3882 751 3934 ulios
774 3883 886 3951 praliiti
908 3883 1046 3936 Adarnuri
1069 3882 1242 3940 Cardimilis.
1266 3882 1316 3951 qui
1343 3882 1525 3952 postmodnm

478 3976 495 3990 ··
517 3966 545 4017 in
571 3964 671 4017 eodeni
692 3983 782 4033 regno
809 3967 885 4035 (rqiti
912 3976 942 4019 et
962 3966 1085 4021 detineri
1115 3967 1261 4029 dicuntur,
1293 3968 1369 4019 saeta
1400 3968 1523 4021 fuerunt.

515 4050 643 4118 reparari
666 4056 696 4102 et
719 4050 848 4102 revocari
880 4050 1015 4104 decenter
1045 4060 1075 4104 ct
1105 4052 1229 4119 benigne
1261 4051 1356 4109 liiciat,
1390 4050 1524 4120 ipsosque

475 4140 714 4204 “procuratores
745 4133 827 4200 regio
858 4134 954 4187 lavore
993 4135 1135 4196 suffultos,
1166 4135 1243 4187 circa
1274 4134 1476 4202 prosequenda
1497 4133 1524 4185 in

474 4232 491 4243 ··
513 4219 612 4272 eiulern
636 4235 725 4287 regno
748 4217 912 4286 supradicta
944 4219 1062 4287 negotia
1082 4219 1167 4289 plena
1197 4218 1351 4272 securitate
1386 4216 1521 4285 garielere.

473 4314 489 4327 ··
511 4322 563 4372 pro
584 4303 682 4356 divina
704 4310 733 4356 et
753 4309 850 4354 nostra
880 4301 1023 4372 dictusque
1046 4303 1130 4355 Sedis
1152 4302 1313 4355 reverentia
1336 4301 1424 4354 l'aeiat
1444 4300 1523 4369 regia

473 4397 490 4411 '¹
512 4387 662 4445 celsitudo.
687 4404 771 4440 aures
792 4403 847 4438 non
869 4386 1109 4439 accommodando
1129 4385 1225 4454 regias
1248 4384 1318 4439 illis.
1343 4383 1473 4453 aliquam
1496 4385 1523 4435 in

471 4482 487 4493 ’¹
510 4470 563 4523 llei
585 4472 732 4532 offensam,
754 4469 892 4523 aeclesis
913 4470 1060 4538 praedicta*
1079 4470 1294 4532 contumeliam,
1332 4486 1364 4521 ac
1396 4468 1521 4521 lionoris.

472 4564 488 4577 ⁸·
511 4554 621 4611 salutis.
655 4566 684 4608 et
705 4556 789 4607 famu*
810 4554 851 4607 tui
875 4554 1010 4606 culminis
1035 4554 1192 4607 laesionem.
1219 4560 1337 4622 possent
1368 4551 1521 4620 quomodo-

473 4647 489 4659 “
513 4636 584 4689 libet
613 4637 784 4695 redundare.
817 4649 847 4690 ut
878 4638 1032 4690 llorninurn
1065 4636 1118 4690 tibi
1151 4654 1265 4707 semper
1293 4636 1463 4705 priipitium,
1493 4644 1519 4686 et

472 4726 489 4742 ⁸*
512 4719 615 4771 sulem
646 4721 813 4789 prodictam
853 4740 940 4791 snper
973 4723 1032 4774 tuis
1060 4720 1324 4790 opportunitatibus
1361 4721 1520 4773 constituas

471 4810 488 4825 ⁸·
510 4803 732 4870 proniptiorenu
754 4806 949 4874 rescripturus
971 4805 1063 4860 nobis.
1085 4805 1125 4858 lili
1145 4804 1344 4864 dilectissime,
1378 4821 1443 4872 qum
1472 4812 1519 4855 tua

469 4892 486 4908 ⁸·
509 4885 616 4950 resellis
662 4888 883 4958 eireiunspeetio
928 4889 1006 4941 eirea
1049 4889 1110 4941 herc
1150 4887 1310 4957 providerit
1350 4886 1516 4939 ordinanda.

469 4977 486 4991 ⁴·
511 4967 590 5019 lione
623 4970 698 5037 iqnnl
730 4971 838 5023 l'illuni
870 4972 983 5024 Noram
1024 4972 1195 5024 ,luriivonire
1235 4970 1388 5029 Dioecesis‚
1419 4971 1518 5039 quinto

467 5061 485 5075 ⁸·
507 5050 653 5103 Kalendas
677 5055 865 5122 Septembris.
888 5055 1075 5109 l‘ontilieatus
1101 5056 1190 5108 riustri
1217 5072 1291 5107 atino
1310 5051 1482 5122 se‹·un‹lo.'’]
