<?xml version="1.0" encoding="UTF-8"?>
<!DOCTYPE html PUBLIC "-//W3C//DTD XHTML 1.0 Transitional//EN"
    "http://www.w3.org/TR/xhtml1/DTD/xhtml1-transitional.dtd">
<html xmlns="http://www.w3.org/1999/xhtml" xml:lang="en" lang="en">
 <head>
  <title>
</title>
<meta http-equiv="Content-Type" content="text/html;charset=utf-8" />
  <meta name='ocr-system' content='tesseract 3.04.00' />
  <meta name='ocr-capabilities' content='ocr_page ocr_carea ocr_par ocr_line ocrx_word'/>
</head>
<body>
  <div class='ocr_page' id='page_1' title='image "./thomaewalsingha00rilegoog_0124.png"; bbox 0 0 3750 6250; ppageno 0'>
   <div class='ocr_carea' id='block_1_1' title="bbox 489 1079 1200 1142">
    <p class='ocr_par' dir='ltr' id='par_1_1' title="bbox 489 1079 1200 1142">
     <span class='ocr_line' id='line_1_1' title="bbox 489 1079 1200 1142; baseline 0.001 -1"><span class='ocrx_word' id='word_1_1' title='bbox 489 1079 531 1141; x_wconf 83' lang='lat'><strong>86</strong></span> <span class='ocrx_word' id='word_1_2' title='bbox 814 1091 945 1142; x_wconf 79' lang='lat' dir='ltr'><strong>&#39;l&#39;HOllAE</strong></span> <span class='ocrx_word' id='word_1_3' title='bbox 967 1091 1200 1142; x_wconf 69' lang='lat' dir='ltr'><strong>wammam</strong></span> 
     </span>
    </p>
   </div>
   <div class='ocr_carea' id='block_1_2' title="bbox 319 1270 1648 1397">
    <p class='ocr_par' dir='ltr' id='par_1_2' title="bbox 319 1270 1648 1397">
     <span class='ocr_line' id='line_1_2' title="bbox 319 1270 1648 1397; baseline 0.043 -73"><span class='ocrx_word' id='word_1_4' title='bbox 319 1270 615 1349; x_wconf 76' lang='lat' dir='ltr'><strong>A.D.1eoa¹p0siais‚</strong></span> <span class='ocrx_word' id='word_1_5' title='bbox 643 1294 710 1333; x_wconf 83' lang='lat' dir='ltr'><strong>cum</strong></span> <span class='ocrx_word' id='word_1_6' title='bbox 737 1276 798 1332; x_wconf 78' lang='lat' dir='ltr'><strong>Rex</strong></span> <span class='ocrx_word' id='word_1_7' title='bbox 824 1277 930 1334; x_wconf 76' lang='lat' dir='ltr'><strong>Scotto</strong></span> <span class='ocrx_word' id='word_1_8' title='bbox 956 1278 994 1334; x_wconf 85' lang='lat' dir='ltr'><strong>ad</strong></span> <span class='ocrx_word' id='word_1_9' title='bbox 1017 1277 1202 1350; x_wconf 69' lang='lat' dir='ltr'><strong>praeentiam</strong></span> <span class='ocrx_word' id='word_1_10' title='bbox 1236 1275 1329 1348; x_wconf 55' lang='grc' dir='ltr'><strong>ΒΨ*</strong></span> <span class='ocrx_word' id='word_1_11' title='bbox 1353 1274 1472 1348; x_wconf 56' lang='lat'><strong>⁸⁸⁸5*</strong></span> <span class='ocrx_word' id='word_1_12' title='bbox 1497 1275 1648 1397; x_wconf 51' lang='lat' dir='ltr'><strong>”lim</strong></span> 
     </span>
    </p>
   </div>
   <div class='ocr_carea' id='block_1_3' title="bbox 327 1360 1628 4725">
    <p class='ocr_par' dir='ltr' id='par_1_3' title="bbox 327 1360 1628 4725">
     <span class='ocr_line' id='line_1_3' title="bbox 485 1360 1529 1435; baseline -0.002 -17"><span class='ocrx_word' id='word_1_13' title='bbox 485 1362 676 1435; x_wconf 78' lang='lat' dir='ltr'><strong>personaliter</strong></span> <span class='ocrx_word' id='word_1_14' title='bbox 694 1362 873 1426; x_wconf 88' lang='lat' dir='ltr'><strong>contulisset,</strong></span> <span class='ocrx_word' id='word_1_15' title='bbox 893 1364 988 1418; x_wconf 89' lang='lat' dir='ltr'><strong>eidem</strong></span> <span class='ocrx_word' id='word_1_16' title='bbox 1006 1363 1176 1419; x_wconf 85' lang='lat' dir='ltr'><strong>fidelitatem</strong></span> <span class='ocrx_word' id='word_1_17' title='bbox 1193 1364 1379 1434; x_wconf 70' lang='lat' dir='ltr'><strong>impensurus</strong></span> <span class='ocrx_word' id='word_1_18' title='bbox 1402 1379 1458 1433; x_wconf 90' lang='lat' dir='ltr'><strong>pre</strong></span> <span class='ocrx_word' id='word_1_19' title='bbox 1474 1360 1529 1416; x_wconf 85' lang='lat' dir='ltr'><strong>eia·</strong></span> 
     </span>
     <span class='ocr_line' id='line_1_4' title="bbox 485 1412 1628 1530; baseline 0 -28"><span class='ocrx_word' id='word_1_20' title='bbox 485 1448 553 1503; x_wconf 89' lang='lat' dir='ltr'><strong>dem</strong></span> <span class='ocrx_word' id='word_1_21' title='bbox 570 1448 656 1503; x_wconf 90' lang='lat' dir='ltr'><strong>terris</strong></span> <span class='ocrx_word' id='word_1_22' title='bbox 675 1455 797 1510; x_wconf 87' lang='lat' dir='ltr'><strong>tantum,</strong></span> <span class='ocrx_word' id='word_1_23' title='bbox 817 1448 849 1503; x_wconf 91' lang='lat' dir='ltr'><strong>in</strong></span> <span class='ocrx_word' id='word_1_24' title='bbox 859 1447 970 1520; x_wconf 83' lang='lat' dir='ltr'><strong>Anglia</strong></span> <span class='ocrx_word' id='word_1_25' title='bbox 988 1449 1062 1512; x_wconf 89' lang='lat' dir='ltr'><strong>sitis,</strong></span> <span class='ocrx_word' id='word_1_26' title='bbox 1082 1467 1140 1504; x_wconf 92' lang='lat' dir='ltr'><strong>nen</strong></span> <span class='ocrx_word' id='word_1_27' title='bbox 1157 1454 1192 1504; x_wconf 90' lang='lat' dir='ltr'><strong>nt</strong></span> <span class='ocrx_word' id='word_1_28' title='bbox 1208 1447 1270 1502; x_wconf 84' lang='lat' dir='ltr'><strong>Rex</strong></span> <span class='ocrx_word' id='word_1_29' title='bbox 1289 1448 1395 1503; x_wconf 79' lang='lat' dir='ltr'><strong>Scotiae</strong></span> <span class='ocrx_word' id='word_1_30' title='bbox 1413 1412 1628 1530; x_wconf 44' lang='lat' dir='ltr'><strong>nauprelrlff&#39;zll</strong></span> 
     </span>
     <span class='ocr_line' id='line_1_5' title="bbox 484 1531 1533 1604; baseline 0 -17"><span class='ocrx_word' id='word_1_31' title='bbox 484 1550 576 1604; x_wconf 91' lang='lat' dir='ltr'><strong>regno</strong></span> <span class='ocrx_word' id='word_1_32' title='bbox 595 1532 700 1587; x_wconf 80' lang='lat' dir='ltr'><strong>Scotim</strong></span> <span class='ocrx_word' id='word_1_33' title='bbox 719 1533 888 1588; x_wconf 89' lang='lat' dir='ltr'><strong>fidelitatem</strong></span> <span class='ocrx_word' id='word_1_34' title='bbox 906 1533 1026 1587; x_wconf 86' lang='lat' dir='ltr'><strong>eandem</strong></span> <span class='ocrx_word' id='word_1_35' title='bbox 1045 1532 1192 1598; x_wconf 84' lang='lat' dir='ltr'><strong>exhibuit;</strong></span> <span class='ocrx_word' id='word_1_36' title='bbox 1218 1532 1288 1603; x_wconf 91' lang='lat' dir='ltr'><strong>quia</strong></span> <span class='ocrx_word' id='word_1_37' title='bbox 1313 1531 1411 1603; x_wconf 87' lang='lat' dir='ltr'><strong>palam</strong></span> <span class='ocrx_word' id='word_1_38' title='bbox 1435 1546 1533 1587; x_wconf 88' lang='lat' dir='ltr'><strong>eoram</strong></span> 
     </span>
     <span class='ocr_line' id='line_1_6' title="bbox 484 1614 1533 1689; baseline -0.001 -18"><span class='ocrx_word' id='word_1_39' title='bbox 484 1616 591 1689; x_wconf 91' lang='lat' dir='ltr'><strong>populo</strong></span> <span class='ocrx_word' id='word_1_40' title='bbox 616 1622 807 1689; x_wconf 87' lang='lat' dir='ltr'><strong>protestatum</strong></span> <span class='ocrx_word' id='word_1_41' title='bbox 833 1623 887 1681; x_wconf 89' lang='lat' dir='ltr'><strong>est,</strong></span> <span class='ocrx_word' id='word_1_42' title='bbox 919 1617 997 1687; x_wconf 89' lang='lat' dir='ltr'><strong>qnod</strong></span> <span class='ocrx_word' id='word_1_43' title='bbox 1026 1634 1079 1689; x_wconf 91' lang='lat' dir='ltr'><strong>pro</strong></span> <span class='ocrx_word' id='word_1_44' title='bbox 1105 1635 1197 1689; x_wconf 87' lang='lat' dir='ltr'><strong>regno</strong></span> <span class='ocrx_word' id='word_1_45' title='bbox 1227 1616 1333 1672; x_wconf 80' lang='lat' dir='ltr'><strong>Scotiae</strong></span> <span class='ocrx_word' id='word_1_46' title='bbox 1362 1614 1533 1670; x_wconf 79' lang='lat' dir='ltr'><strong>fidelitatem</strong></span> 
     </span>
     <span class='ocr_line' id='line_1_7' title="bbox 485 1699 1533 1774; baseline -0.001 -18"><span class='ocrx_word' id='word_1_47' title='bbox 485 1701 614 1772; x_wconf 86' lang='lat' dir='ltr'><strong>aliquam</strong></span> <span class='ocrx_word' id='word_1_48' title='bbox 641 1701 717 1774; x_wconf 82' lang='lat' dir='ltr'>Regi</span> <span class='ocrx_word' id='word_1_49' title='bbox 742 1700 859 1774; x_wconf 79' lang='lat' dir='ltr'><strong>Angliea</strong></span> <span class='ocrx_word' id='word_1_50' title='bbox 885 1702 980 1756; x_wconf 81' lang='lat' dir='ltr'><strong>iacere</strong></span> <span class='ocrx_word' id='word_1_51' title='bbox 1005 1720 1062 1756; x_wconf 91' lang='lat' dir='ltr'><strong>non</strong></span> <span class='ocrx_word' id='word_1_52' title='bbox 1086 1700 1217 1757; x_wconf 75' lang='lat' dir='ltr'><strong>debebat.</strong></span> <span class='ocrx_word' id='word_1_53' title='bbox 1255 1701 1341 1765; x_wconf 83' lang='lat' dir='ltr'><strong>Item,</strong></span> <span class='ocrx_word' id='word_1_54' title='bbox 1364 1699 1445 1771; x_wconf 86' lang='lat' dir='ltr'><strong>quod</strong></span> <span class='ocrx_word' id='word_1_55' title='bbox 1460 1716 1533 1771; x_wconf 76' lang='lat' dir='ltr'><strong>prm·</strong></span> 
     </span>
     <span class='ocr_line' id='line_1_8' title="bbox 485 1783 1533 1857; baseline -0.001 -17"><span class='ocrx_word' id='word_1_56' title='bbox 485 1786 580 1840; x_wconf 87' lang='lat' dir='ltr'><strong>dictus</strong></span> <span class='ocrx_word' id='word_1_57' title='bbox 611 1785 673 1840; x_wconf 84' lang='lat' dir='ltr'><strong>Rex</strong></span> <span class='ocrx_word' id='word_1_58' title='bbox 702 1785 867 1841; x_wconf 76' lang='lat' dir='ltr'><strong>Alexander</strong></span> <span class='ocrx_word' id='word_1_59' title='bbox 902 1785 1024 1856; x_wconf 90' lang='lat' dir='ltr'><strong>reliquit</strong></span> <span class='ocrx_word' id='word_1_60' title='bbox 1059 1785 1188 1857; x_wconf 88' lang='lat' dir='ltr'><strong>puellam</strong></span> <span class='ocrx_word' id='word_1_61' title='bbox 1223 1783 1378 1848; x_wconf 78' lang='lat' dir='ltr'><strong>haeredem,</strong></span> <span class='ocrx_word' id='word_1_62' title='bbox 1417 1784 1533 1839; x_wconf 87' lang='lat' dir='ltr'><strong>nomine</strong></span> 
     </span>
     <span class='ocr_line' id='line_1_9' title="bbox 487 1867 1532 1941; baseline -0.001 -17"><span class='ocrx_word' id='word_1_63' title='bbox 487 1868 744 1941; x_wconf 80' lang='lat' dir='ltr'><strong>“Margarctam,”</strong></span> <span class='ocrx_word' id='word_1_64' title='bbox 776 1878 891 1941; x_wconf 86' lang='lat' dir='ltr'><strong>neptam</strong></span> <span class='ocrx_word' id='word_1_65' title='bbox 917 1869 1009 1941; x_wconf 86' lang='lat' dir='ltr'><strong>Regis</strong></span> <span class='ocrx_word' id='word_1_66' title='bbox 1034 1870 1161 1940; x_wconf 83' lang='lat' dir='ltr'><strong>Angliae,</strong></span> <span class='ocrx_word' id='word_1_67' title='bbox 1188 1877 1258 1924; x_wconf 86' lang='lat' dir='ltr'><strong>tune</strong></span> <span class='ocrx_word' id='word_1_68' title='bbox 1281 1869 1404 1924; x_wconf 88' lang='lat' dir='ltr'><strong>minoris</strong></span> <span class='ocrx_word' id='word_1_69' title='bbox 1428 1867 1532 1934; x_wconf 67' lang='lat' dir='ltr'><strong>aetada,</strong></span> 
     </span>
     <span class='ocr_line' id='line_1_10' title="bbox 485 1951 1533 2025; baseline -0.001 -17"><span class='ocrx_word' id='word_1_70' title='bbox 485 1955 570 2025; x_wconf 88' lang='lat' dir='ltr'><strong>cnjus</strong></span> <span class='ocrx_word' id='word_1_71' title='bbox 596 1956 729 2011; x_wconf 85' lang='lat' dir='ltr'><strong>custodia</strong></span> <span class='ocrx_word' id='word_1_72' title='bbox 758 1973 815 2009; x_wconf 90' lang='lat' dir='ltr'><strong>non</strong></span> <span class='ocrx_word' id='word_1_73' title='bbox 845 1955 882 2009; x_wconf 88' lang='lat' dir='ltr'><strong>ad</strong></span> <span class='ocrx_word' id='word_1_74' title='bbox 907 1954 1021 2025; x_wconf 83' lang='lat' dir='ltr'><strong>Regem</strong></span> <span class='ocrx_word' id='word_1_75' title='bbox 1054 1953 1181 2025; x_wconf 82' lang='lat' dir='ltr'><strong>Anglioe,</strong></span> <span class='ocrx_word' id='word_1_76' title='bbox 1208 1953 1291 2010; x_wconf 84' lang='lat' dir='ltr'><strong>velut</strong></span> <span class='ocrx_word' id='word_1_77' title='bbox 1320 1953 1358 2009; x_wconf 86' lang='lat' dir='ltr'><strong>ed</strong></span> <span class='ocrx_word' id='word_1_78' title='bbox 1384 1951 1533 2008; x_wconf 88' lang='lat' dir='ltr'><strong>dominum</strong></span> 
     </span>
     <span class='ocr_line' id='line_1_11' title="bbox 486 2036 1534 2112; baseline -0.002 -18"><span class='ocrx_word' id='word_1_79' title='bbox 486 2058 663 2110; x_wconf 86' lang='lat' dir='ltr'><strong>supremum,</strong></span> <span class='ocrx_word' id='word_1_80' title='bbox 692 2041 834 2112; x_wconf 85' lang='lat' dir='ltr'><strong>pervenit,</strong></span> <span class='ocrx_word' id='word_1_81' title='bbox 865 2039 916 2094; x_wconf 90' lang='lat' dir='ltr'><strong>sed</strong></span> <span class='ocrx_word' id='word_1_82' title='bbox 941 2040 978 2095; x_wconf 88' lang='lat' dir='ltr'><strong>ad</strong></span> <span class='ocrx_word' id='word_1_83' title='bbox 1005 2046 1124 2094; x_wconf 85' lang='lat' dir='ltr'><strong>caeteroa</strong></span> <span class='ocrx_word' id='word_1_84' title='bbox 1153 2037 1284 2110; x_wconf 82' lang='lat' dir='ltr'><strong>ejusdem</strong></span> <span class='ocrx_word' id='word_1_85' title='bbox 1309 2038 1395 2110; x_wconf 89' lang='lat' dir='ltr'><strong>regni</strong></span> <span class='ocrx_word' id='word_1_86' title='bbox 1430 2036 1534 2093; x_wconf 77' lang='lat' dir='ltr'><strong>Seotioe</strong></span> 
     </span>
     <span class='ocr_line' id='line_1_12' title="bbox 485 2120 1532 2195; baseline -0.002 -16"><span class='ocrx_word' id='word_1_87' title='bbox 485 2142 628 2195; x_wconf 83' lang='lat' dir='ltr'><strong>proceres,</strong></span> <span class='ocrx_word' id='word_1_88' title='bbox 656 2125 693 2180; x_wconf 92' lang='lat' dir='ltr'><strong>ad</strong></span> <span class='ocrx_word' id='word_1_89' title='bbox 720 2124 774 2178; x_wconf 90' lang='lat' dir='ltr'><strong>hoc</strong></span> <span class='ocrx_word' id='word_1_90' title='bbox 800 2124 916 2179; x_wconf 86' lang='lat' dir='ltr'><strong>clectos.</strong></span> <span class='ocrx_word' id='word_1_91' title='bbox 962 2123 1169 2194; x_wconf 84' lang='lat' dir='ltr'><strong>Redargnebat</strong></span> <span class='ocrx_word' id='word_1_92' title='bbox 1192 2124 1280 2178; x_wconf 89' lang='lat' dir='ltr'><strong>etiam</strong></span> <span class='ocrx_word' id='word_1_93' title='bbox 1305 2122 1387 2194; x_wconf 92' lang='lat' dir='ltr'><strong>Papa</strong></span> <span class='ocrx_word' id='word_1_94' title='bbox 1410 2120 1532 2192; x_wconf 83' lang='lat' dir='ltr'><strong>Regem,</strong></span> 
     </span>
     <span class='ocr_line' id='line_1_13' title="bbox 485 2207 1534 2280; baseline -0.002 -18"><span class='ocrx_word' id='word_1_95' title='bbox 485 2226 520 2262; x_wconf 91' lang='lat' dir='ltr'><strong>co</strong></span> <span class='ocrx_word' id='word_1_96' title='bbox 545 2209 623 2280; x_wconf 89' lang='lat' dir='ltr'><strong>quod</strong></span> <span class='ocrx_word' id='word_1_97' title='bbox 640 2215 708 2280; x_wconf 91' lang='lat' dir='ltr'><strong>post</strong></span> <span class='ocrx_word' id='word_1_98' title='bbox 736 2214 859 2262; x_wconf 89' lang='lat' dir='ltr'><strong>mortem</strong></span> <span class='ocrx_word' id='word_1_99' title='bbox 878 2208 950 2263; x_wconf 90' lang='lat' dir='ltr'><strong>dicti</strong></span> <span class='ocrx_word' id='word_1_100' title='bbox 968 2208 1127 2263; x_wconf 79' lang='lat' dir='ltr'><strong>Alexandri</strong></span> <span class='ocrx_word' id='word_1_101' title='bbox 1155 2208 1255 2278; x_wconf 85' lang='lat' dir='ltr'><strong>Regis,</strong></span> <span class='ocrx_word' id='word_1_102' title='bbox 1276 2207 1378 2261; x_wconf 82' lang='lat' dir='ltr'><strong>Scotea</strong></span> <span class='ocrx_word' id='word_1_103' title='bbox 1395 2211 1534 2276; x_wconf 80' lang='lat' dir='ltr'><strong>tanquam</strong></span> 
     </span>
     <span class='ocr_line' id='line_1_14' title="bbox 485 2288 1534 2363; baseline -0.003 -17"><span class='ocrx_word' id='word_1_104' title='bbox 485 2292 648 2363; x_wconf 88' lang='lat' dir='ltr'><strong>acephalos,</strong></span> <span class='ocrx_word' id='word_1_105' title='bbox 677 2298 708 2347; x_wconf 90' lang='lat' dir='ltr'><strong>et</strong></span> <span class='ocrx_word' id='word_1_106' title='bbox 732 2291 815 2346; x_wconf 90' lang='lat' dir='ltr'><strong>ducis</strong></span> <span class='ocrx_word' id='word_1_107' title='bbox 841 2292 1015 2362; x_wconf 84' lang='lat' dir='ltr'><strong>suffragium</strong></span> <span class='ocrx_word' id='word_1_108' title='bbox 1039 2309 1097 2346; x_wconf 91' lang='lat' dir='ltr'><strong>non</strong></span> <span class='ocrx_word' id='word_1_109' title='bbox 1123 2291 1270 2354; x_wconf 87' lang='lat' dir='ltr'><strong>habentes,</strong></span> <span class='ocrx_word' id='word_1_110' title='bbox 1297 2290 1377 2360; x_wconf 82' lang='lat' dir='ltr'><strong>ipsos</strong></span> <span class='ocrx_word' id='word_1_111' title='bbox 1403 2288 1534 2362; x_wconf 86' lang='lat' dir='ltr'><strong>pervim</strong></span> 
     </span>
     <span class='ocr_line' id='line_1_15' title="bbox 486 2375 1534 2448; baseline -0.002 -18"><span class='ocrx_word' id='word_1_112' title='bbox 486 2375 542 2430; x_wconf 88' lang='lat' dir='ltr'><strong>sibi</strong></span> <span class='ocrx_word' id='word_1_113' title='bbox 562 2377 750 2447; x_wconf 88' lang='lat' dir='ltr'><strong>subjugavit;</strong></span> <span class='ocrx_word' id='word_1_114' title='bbox 776 2382 807 2431; x_wconf 88' lang='lat' dir='ltr'><strong>et</strong></span> <span class='ocrx_word' id='word_1_115' title='bbox 824 2384 934 2430; x_wconf 88' lang='lat' dir='ltr'><strong>metum</strong></span> <span class='ocrx_word' id='word_1_116' title='bbox 960 2378 991 2431; x_wconf 92' lang='lat' dir='ltr'><strong>in</strong></span> <span class='ocrx_word' id='word_1_117' title='bbox 1009 2376 1212 2448; x_wconf 72' lang='lat' dir='ltr'><strong>praejudicium</strong></span> <span class='ocrx_word' id='word_1_118' title='bbox 1239 2383 1270 2431; x_wconf 92' lang='lat' dir='ltr'><strong>et</strong></span> <span class='ocrx_word' id='word_1_119' title='bbox 1294 2391 1455 2446; x_wconf 75' lang='lat' dir='ltr'><strong>gravamen</strong></span> <span class='ocrx_word' id='word_1_120' title='bbox 1477 2389 1534 2428; x_wconf 88' lang='lat' dir='ltr'><strong>non</strong></span> 
     </span>
     <span class='ocr_line' id='line_1_16' title="bbox 487 2457 1534 2531; baseline -0.001 -18"><span class='ocrx_word' id='word_1_121' title='bbox 487 2461 633 2514; x_wconf 88' lang='lat' dir='ltr'><strong>modicum</strong></span> <span class='ocrx_word' id='word_1_122' title='bbox 661 2462 798 2515; x_wconf 83' lang='lat' dir='ltr'><strong>Romanae</strong></span> <span class='ocrx_word' id='word_1_123' title='bbox 825 2461 965 2515; x_wconf 70' lang='lat' dir='ltr'><strong>Ecclesiae</strong></span> <span class='ocrx_word' id='word_1_124' title='bbox 1003 2462 1153 2531; x_wconf 80' lang='lat' dir='ltr'><strong>adjiciens,</strong></span> <span class='ocrx_word' id='word_1_125' title='bbox 1187 2461 1264 2531; x_wconf 93' lang='lat' dir='ltr'><strong>qnod</strong></span> <span class='ocrx_word' id='word_1_126' title='bbox 1294 2478 1362 2515; x_wconf 90' lang='lat' dir='ltr'><strong>cnm</strong></span> <span class='ocrx_word' id='word_1_127' title='bbox 1392 2457 1534 2514; x_wconf 78' lang='lat' dir='ltr'><strong>Dominus</strong></span> 
     </span>
     <span class='ocr_line' id='line_1_17' title="bbox 487 2543 1534 2618; baseline -0.002 -21"><span class='ocrx_word' id='word_1_128' title='bbox 487 2544 568 2615; x_wconf 89' lang='lat' dir='ltr'><strong>Papa</strong></span> <span class='ocrx_word' id='word_1_129' title='bbox 585 2545 712 2599; x_wconf 89' lang='lat' dir='ltr'><strong>officium</strong></span> <span class='ocrx_word' id='word_1_130' title='bbox 730 2546 887 2618; x_wconf 76' lang='lat' dir='ltr'><strong>legationis</strong></span> <span class='ocrx_word' id='word_1_131' title='bbox 906 2546 995 2600; x_wconf 91' lang='lat' dir='ltr'><strong>alicui</strong></span> <span class='ocrx_word' id='word_1_132' title='bbox 1009 2546 1166 2601; x_wconf 87' lang='lat' dir='ltr'><strong>committit</strong></span> <span class='ocrx_word' id='word_1_133' title='bbox 1178 2544 1378 2616; x_wconf 84' lang='lat' dir='ltr'><strong>exequendum</strong></span> <span class='ocrx_word' id='word_1_134' title='bbox 1395 2543 1428 2598; x_wconf 91' lang='lat' dir='ltr'><strong>in</strong></span> <span class='ocrx_word' id='word_1_135' title='bbox 1445 2559 1534 2614; x_wconf 91' lang='lat' dir='ltr'><strong>regno</strong></span> 
     </span>
     <span class='ocr_line' id='line_1_18' title="bbox 489 2626 1536 2701; baseline 0.001 -20"><span class='ocrx_word' id='word_1_136' title='bbox 489 2627 616 2698; x_wconf 75' lang='lat' dir='ltr'><strong>Anglieu,</strong></span> <span class='ocrx_word' id='word_1_137' title='bbox 644 2648 731 2685; x_wconf 87' lang='lat' dir='ltr'><strong>causa</strong></span> <span class='ocrx_word' id='word_1_138' title='bbox 756 2632 907 2686; x_wconf 76' lang='lat' dir='ltr'><strong>solutionis</strong></span> <span class='ocrx_word' id='word_1_139' title='bbox 933 2630 1063 2695; x_wconf 70' lang='lat' dir='ltr'><strong>decimae,</strong></span> <span class='ocrx_word' id='word_1_140' title='bbox 1091 2629 1138 2685; x_wconf 86' lang='lat' dir='ltr'><strong>vel</strong></span> <span class='ocrx_word' id='word_1_141' title='bbox 1165 2630 1252 2686; x_wconf 88' lang='lat' dir='ltr'><strong>etiam</strong></span> <span class='ocrx_word' id='word_1_142' title='bbox 1277 2647 1330 2701; x_wconf 88' lang='lat' dir='ltr'><strong>pro</strong></span> <span class='ocrx_word' id='word_1_143' title='bbox 1348 2628 1453 2700; x_wconf 86' lang='lat' dir='ltr'><strong>quavis</strong></span> <span class='ocrx_word' id='word_1_144' title='bbox 1479 2626 1536 2682; x_wconf 84' lang='lat' dir='ltr'><strong>alia</strong></span> 
     </span>
     <span class='ocr_line' id='line_1_19' title="bbox 490 2710 1535 2785; baseline -0.003 -18"><span class='ocrx_word' id='word_1_145' title='bbox 490 2731 579 2767; x_wconf 84' lang='lat' dir='ltr'><strong>causa</strong></span> <span class='ocrx_word' id='word_1_146' title='bbox 604 2714 778 2779; x_wconf 79' lang='lat' dir='ltr'><strong>rationabili,</strong></span> <span class='ocrx_word' id='word_1_147' title='bbox 811 2723 841 2770; x_wconf 90' lang='lat' dir='ltr'><strong>et</strong></span> <span class='ocrx_word' id='word_1_148' title='bbox 866 2714 1032 2785; x_wconf 85' lang='lat' dir='ltr'><strong>hujusmodi</strong></span> <span class='ocrx_word' id='word_1_149' title='bbox 1058 2713 1168 2784; x_wconf 88' lang='lat' dir='ltr'><strong>legatio</strong></span> <span class='ocrx_word' id='word_1_150' title='bbox 1192 2713 1300 2768; x_wconf 89' lang='lat' dir='ltr'><strong>litteris</strong></span> <span class='ocrx_word' id='word_1_151' title='bbox 1325 2718 1357 2768; x_wconf 89' lang='lat' dir='ltr'><strong>et</strong></span> <span class='ocrx_word' id='word_1_152' title='bbox 1379 2710 1535 2784; x_wconf 82' lang='lat' dir='ltr'><strong>privilegio</strong></span> 
     </span>
     <span class='ocr_line' id='line_1_20' title="bbox 491 2795 1536 2869; baseline -0.002 -19"><span class='ocrx_word' id='word_1_153' title='bbox 491 2796 610 2868; x_wconf 85' lang='lat' dir='ltr'><strong>speciali</strong></span> <span class='ocrx_word' id='word_1_154' title='bbox 629 2798 714 2852; x_wconf 75' lang='lat' dir='ltr'><strong>dicta</strong></span> <span class='ocrx_word' id='word_1_155' title='bbox 734 2798 818 2853; x_wconf 87' lang='lat' dir='ltr'><strong>Sedis</strong></span> <span class='ocrx_word' id='word_1_156' title='bbox 835 2798 1022 2869; x_wconf 81' lang='lat' dir='ltr'><strong>Apostolicoe,</strong></span> <span class='ocrx_word' id='word_1_157' title='bbox 1048 2798 1085 2852; x_wconf 88' lang='lat' dir='ltr'><strong>ad</strong></span> <span class='ocrx_word' id='word_1_158' title='bbox 1103 2798 1214 2852; x_wconf 87' lang='lat' dir='ltr'><strong>dictum</strong></span> <span class='ocrx_word' id='word_1_159' title='bbox 1236 2813 1363 2868; x_wconf 90' lang='lat' dir='ltr'><strong>regnum</strong></span> <span class='ocrx_word' id='word_1_160' title='bbox 1382 2795 1489 2851; x_wconf 78' lang='lat' dir='ltr'><strong>Scotiai</strong></span> <span class='ocrx_word' id='word_1_161' title='bbox 1507 2809 1536 2849; x_wconf 87' lang='lat' dir='ltr'><strong>se</strong></span> 
     </span>
     <span class='ocr_line' id='line_1_21' title="bbox 490 2879 1537 2952; baseline -0.001 -17"><span class='ocrx_word' id='word_1_162' title='bbox 490 2900 547 2935; x_wconf 93' lang='lat' dir='ltr'><strong>non</strong></span> <span class='ocrx_word' id='word_1_163' title='bbox 565 2883 709 2947; x_wconf 83' lang='lat' dir='ltr'><strong>extendat,</strong></span> <span class='ocrx_word' id='word_1_164' title='bbox 736 2883 930 2938; x_wconf 84' lang='lat' dir='ltr'><strong>resistendum</strong></span> <span class='ocrx_word' id='word_1_165' title='bbox 956 2889 1001 2937; x_wconf 86' lang='lat' dir='ltr'><strong>cst</strong></span> <span class='ocrx_word' id='word_1_166' title='bbox 1019 2889 1050 2937; x_wconf 90' lang='lat' dir='ltr'><strong>et</strong></span> <span class='ocrx_word' id='word_1_167' title='bbox 1066 2882 1239 2937; x_wconf 83' lang='lat' dir='ltr'><strong>obstandum</strong></span> <span class='ocrx_word' id='word_1_168' title='bbox 1266 2880 1435 2952; x_wconf 89' lang='lat' dir='ltr'><strong>hujusmodi</strong></span> <span class='ocrx_word' id='word_1_169' title='bbox 1461 2879 1537 2950; x_wconf 86' lang='lat' dir='ltr'><strong>lega·</strong></span> 
     </span>
     <span class='ocr_line' id='line_1_22' title="bbox 490 2963 1534 3038; baseline -0.004 -19"><span class='ocrx_word' id='word_1_170' title='bbox 490 2964 573 3029; x_wconf 86' lang='lat' dir='ltr'><strong>tioui,</strong></span> <span class='ocrx_word' id='word_1_171' title='bbox 600 2973 687 3037; x_wconf 88' lang='lat' dir='ltr'><strong>prout</strong></span> <span class='ocrx_word' id='word_1_172' title='bbox 715 2971 845 3038; x_wconf 89' lang='lat' dir='ltr'><strong>tempore</strong></span> <span class='ocrx_word' id='word_1_173' title='bbox 863 2967 958 3022; x_wconf 87' lang='lat' dir='ltr'><strong>felicis</strong></span> <span class='ocrx_word' id='word_1_174' title='bbox 989 2966 1197 3021; x_wconf 87' lang='lat' dir='ltr'><strong>recordatiouis</strong></span> <span class='ocrx_word' id='word_1_175' title='bbox 1223 2966 1347 3036; x_wconf 91' lang='lat' dir='ltr'><strong>contigit</strong></span> <span class='ocrx_word' id='word_1_176' title='bbox 1375 2963 1534 3020; x_wconf 82' lang='lat' dir='ltr'><strong>evidenter.</strong></span> 
     </span>
     <span class='ocr_line' id='line_1_23' title="bbox 490 3047 1538 3122; baseline 0 -20"><span class='ocrx_word' id='word_1_177' title='bbox 490 3047 569 3103; x_wconf 83' lang='lat' dir='ltr'><strong>Num</strong></span> <span class='ocrx_word' id='word_1_178' title='bbox 587 3048 716 3120; x_wconf 86' lang='lat' dir='ltr'><strong>Legatns</strong></span> <span class='ocrx_word' id='word_1_179' title='bbox 742 3051 805 3122; x_wconf 91' lang='lat' dir='ltr'><strong>ipse</strong></span> <span class='ocrx_word' id='word_1_180' title='bbox 829 3050 867 3106; x_wconf 87' lang='lat' dir='ltr'><strong>ad</strong></span> <span class='ocrx_word' id='word_1_181' title='bbox 891 3051 1047 3121; x_wconf 85' lang='lat' dir='ltr'><strong>praelatum</strong></span> <span class='ocrx_word' id='word_1_182' title='bbox 1071 3066 1197 3120; x_wconf 90' lang='lat' dir='ltr'><strong>regnum</strong></span> <span class='ocrx_word' id='word_1_183' title='bbox 1223 3049 1329 3108; x_wconf 83' lang='lat' dir='ltr'><strong>Scotiae</strong></span> <span class='ocrx_word' id='word_1_184' title='bbox 1354 3048 1538 3120; x_wconf 73' lang='lat' dir='ltr'><strong>aliquatenus</strong></span> 
     </span>
     <span class='ocr_line' id='line_1_24' title="bbox 492 3131 1538 3205; baseline -0.002 -17"><span class='ocrx_word' id='word_1_185' title='bbox 492 3132 637 3189; x_wconf 72' lang='lat' dir='ltr'><strong>admissam</strong></span> <span class='ocrx_word' id='word_1_186' title='bbox 656 3153 713 3189; x_wconf 91' lang='lat' dir='ltr'><strong>non</strong></span> <span class='ocrx_word' id='word_1_187' title='bbox 737 3136 842 3200; x_wconf 86' lang='lat' dir='ltr'><strong>extitit,</strong></span> <span class='ocrx_word' id='word_1_188' title='bbox 872 3136 963 3190; x_wconf 90' lang='lat' dir='ltr'><strong>donec</strong></span> <span class='ocrx_word' id='word_1_189' title='bbox 987 3152 1040 3205; x_wconf 91' lang='lat' dir='ltr'><strong>per</strong></span> <span class='ocrx_word' id='word_1_190' title='bbox 1058 3134 1171 3189; x_wconf 81' lang='lat' dir='ltr'><strong>litteras</strong></span> <span class='ocrx_word' id='word_1_191' title='bbox 1190 3132 1374 3205; x_wconf 83' lang='lat' dir='ltr'><strong>Apostolieaa</strong></span> <span class='ocrx_word' id='word_1_192' title='bbox 1399 3131 1538 3205; x_wconf 76' lang='lat' dir='ltr'><strong>speciales</strong></span> 
     </span>
     <span class='ocr_line' id='line_1_25' title="bbox 493 3215 1539 3289; baseline 0.001 -18"><span class='ocrx_word' id='word_1_193' title='bbox 493 3217 548 3271; x_wconf 92' lang='lat' dir='ltr'><strong>sibi</strong></span> <span class='ocrx_word' id='word_1_194' title='bbox 567 3218 722 3289; x_wconf 83' lang='lat' dir='ltr'><strong>legationis</strong></span> <span class='ocrx_word' id='word_1_195' title='bbox 748 3221 875 3275; x_wconf 89' lang='lat' dir='ltr'><strong>officium</strong></span> <span class='ocrx_word' id='word_1_196' title='bbox 899 3220 958 3274; x_wconf 86' lang='lat' dir='ltr'><strong>suit</strong></span> <span class='ocrx_word' id='word_1_197' title='bbox 974 3219 1006 3273; x_wconf 92' lang='lat' dir='ltr'><strong>in</strong></span> <span class='ocrx_word' id='word_1_198' title='bbox 1030 3219 1132 3273; x_wconf 88' lang='lat' dir='ltr'><strong>eodem</strong></span> <span class='ocrx_word' id='word_1_199' title='bbox 1157 3220 1353 3275; x_wconf 84' lang='lat' dir='ltr'><strong>commissum.</strong></span> <span class='ocrx_word' id='word_1_200' title='bbox 1390 3218 1469 3274; x_wconf 91' lang='lat' dir='ltr'><strong>Item</strong></span> <span class='ocrx_word' id='word_1_201' title='bbox 1493 3215 1539 3272; x_wconf 82' lang='lat' dir='ltr'><strong>ad·</strong></span> 
     </span>
     <span class='ocr_line' id='line_1_26' title="bbox 492 3297 1540 3375; baseline 0.003 -19"><span class='ocrx_word' id='word_1_202' title='bbox 492 3302 576 3366; x_wconf 90' lang='lat' dir='ltr'><strong>didit,</strong></span> <span class='ocrx_word' id='word_1_203' title='bbox 604 3304 681 3373; x_wconf 91' lang='lat' dir='ltr'><strong>quod</strong></span> <span class='ocrx_word' id='word_1_204' title='bbox 708 3304 786 3359; x_wconf 88' lang='lat' dir='ltr'><strong>idem</strong></span> <span class='ocrx_word' id='word_1_205' title='bbox 816 3322 941 3375; x_wconf 90' lang='lat' dir='ltr'><strong>regnum</strong></span> <span class='ocrx_word' id='word_1_206' title='bbox 972 3304 1078 3359; x_wconf 73' lang='lat' dir='ltr'><strong>Seetiai</strong></span> <span class='ocrx_word' id='word_1_207' title='bbox 1107 3321 1160 3374; x_wconf 89' lang='lat' dir='ltr'><strong>per</strong></span> <span class='ocrx_word' id='word_1_208' title='bbox 1189 3304 1274 3360; x_wconf 88' lang='lat' dir='ltr'><strong>Beati</strong></span> <span class='ocrx_word' id='word_1_209' title='bbox 1298 3303 1382 3359; x_wconf 85' lang='lat' dir='ltr'><strong>Petri</strong></span> <span class='ocrx_word' id='word_1_210' title='bbox 1408 3297 1540 3375; x_wconf 81' lang='lat' dir='ltr'><strong>Apostoll</strong></span> 
     </span>
     <span class='ocr_line' id='line_1_27' title="bbox 493 3387 1541 3459; baseline 0.004 -19"><span class='ocrx_word' id='word_1_211' title='bbox 493 3387 671 3442; x_wconf 82' lang='lat' dir='ltr'><strong>venerandas</strong></span> <span class='ocrx_word' id='word_1_212' title='bbox 704 3388 853 3459; x_wconf 84' lang='lat' dir='ltr'><strong>reliquias,</strong></span> <span class='ocrx_word' id='word_1_213' title='bbox 885 3406 942 3443; x_wconf 91' lang='lat' dir='ltr'><strong>non</strong></span> <span class='ocrx_word' id='word_1_214' title='bbox 973 3389 1035 3443; x_wconf 85' lang='lat' dir='ltr'><strong>sine</strong></span> <span class='ocrx_word' id='word_1_215' title='bbox 1066 3389 1184 3459; x_wconf 83' lang='lat' dir='ltr'><strong>superni</strong></span> <span class='ocrx_word' id='word_1_216' title='bbox 1214 3390 1289 3444; x_wconf 90' lang='lat' dir='ltr'><strong>deno</strong></span> <span class='ocrx_word' id='word_1_217' title='bbox 1317 3389 1458 3454; x_wconf 84' lang='lat' dir='ltr'><strong>muneris,</strong></span> <span class='ocrx_word' id='word_1_218' title='bbox 1478 3404 1541 3444; x_wconf 85' lang='lat' dir='ltr'><strong>eeu·</strong></span> 
     </span>
     <span class='ocr_line' id='line_1_28' title="bbox 494 3472 1540 3544; baseline 0 -18"><span class='ocrx_word' id='word_1_219' title='bbox 494 3489 611 3526; x_wconf 80' lang='lat' dir='ltr'><strong>versum</strong></span> <span class='ocrx_word' id='word_1_220' title='bbox 630 3473 727 3526; x_wconf 84' lang='lat' dir='ltr'><strong>extitit</strong></span> <span class='ocrx_word' id='word_1_221' title='bbox 745 3473 782 3527; x_wconf 87' lang='lat' dir='ltr'><strong>ad</strong></span> <span class='ocrx_word' id='word_1_222' title='bbox 800 3474 866 3528; x_wconf 70' lang='lat' dir='ltr'><strong>filici</strong></span> <span class='ocrx_word' id='word_1_223' title='bbox 887 3472 1044 3528; x_wconf 70' lang='lat' dir='ltr'><strong>Catholicae</strong></span> <span class='ocrx_word' id='word_1_224' title='bbox 1063 3474 1214 3528; x_wconf 87' lang='lat' dir='ltr'><strong>unitatem.</strong></span> <span class='ocrx_word' id='word_1_225' title='bbox 1252 3474 1292 3527; x_wconf 83' lang='lat' dir='ltr'><strong>Et</strong></span> <span class='ocrx_word' id='word_1_226' title='bbox 1309 3474 1438 3544; x_wconf 86' lang='lat' dir='ltr'><strong>qualiter</strong></span> <span class='ocrx_word' id='word_1_227' title='bbox 1455 3473 1540 3528; x_wconf 88' lang='lat' dir='ltr'><strong>etiam</strong></span> 
     </span>
     <span class='ocr_line' id='line_1_29' title="bbox 495 3556 1539 3628; baseline 0.008 -21"><span class='ocrx_word' id='word_1_228' title='bbox 495 3556 623 3624; x_wconf 82' lang='lat' dir='ltr'><strong>antiquis</strong></span> <span class='ocrx_word' id='word_1_229' title='bbox 641 3557 820 3626; x_wconf 86' lang='lat' dir='ltr'><strong>temporibus</strong></span> <span class='ocrx_word' id='word_1_230' title='bbox 839 3557 1030 3611; x_wconf 85' lang='lat' dir='ltr'><strong>Eboracensis</strong></span> <span class='ocrx_word' id='word_1_231' title='bbox 1049 3556 1293 3628; x_wconf 85' lang='lat' dir='ltr'><strong>Archiepiscopus</strong></span> <span class='ocrx_word' id='word_1_232' title='bbox 1313 3559 1363 3627; x_wconf 92' lang='lat' dir='ltr'><strong>qui</strong></span> <span class='ocrx_word' id='word_1_233' title='bbox 1382 3565 1453 3612; x_wconf 90' lang='lat' dir='ltr'><strong>tunc</strong></span> <span class='ocrx_word' id='word_1_234' title='bbox 1471 3561 1539 3615; x_wconf 77' lang='lat' dir='ltr'><strong>erat</strong></span> 
     </span>
     <span class='ocr_line' id='line_1_30' title="bbox 496 3640 1541 3712; baseline 0.001 -21"><span class='ocrx_word' id='word_1_235' title='bbox 496 3644 576 3691; x_wconf 85' lang='lat' dir='ltr'><strong>rnotn</strong></span> <span class='ocrx_word' id='word_1_236' title='bbox 605 3657 657 3708; x_wconf 88' lang='lat' dir='ltr'><strong>per</strong></span> <span class='ocrx_word' id='word_1_237' title='bbox 687 3659 754 3693; x_wconf 84' lang='lat' dir='ltr'><strong>euni</strong></span> <span class='ocrx_word' id='word_1_238' title='bbox 785 3659 872 3712; x_wconf 89' lang='lat' dir='ltr'><strong>snper</strong></span> <span class='ocrx_word' id='word_1_239' title='bbox 898 3642 967 3711; x_wconf 85' lang='lat' dir='ltr'><strong>jure</strong></span> <span class='ocrx_word' id='word_1_240' title='bbox 985 3642 1207 3710; x_wconf 83' lang='lat' dir='ltr'><strong>metropolitano</strong></span> <span class='ocrx_word' id='word_1_241' title='bbox 1237 3641 1378 3696; x_wconf 81' lang='lat' dir='ltr'><strong>advorsus</strong></span> <span class='ocrx_word' id='word_1_242' title='bbox 1408 3640 1541 3712; x_wconf 76' lang='lat' dir='ltr'><strong>praelatos</strong></span> 
     </span>
     <span class='ocr_line' id='line_1_31' title="bbox 498 3722 1438 3795; baseline 0.005 -20"><span class='ocrx_word' id='word_1_243' title='bbox 498 3722 603 3776; x_wconf 79' lang='lat' dir='ltr'><strong>Scotieu</strong></span> <span class='ocrx_word' id='word_1_244' title='bbox 630 3725 797 3793; x_wconf 62' lang='lat' dir='ltr'><strong>{quaestione</strong></span> <span class='ocrx_word' id='word_1_245' title='bbox 818 3744 870 3795; x_wconf 90' lang='lat' dir='ltr'><strong>pro</strong></span> <span class='ocrx_word' id='word_1_246' title='bbox 889 3744 919 3779; x_wconf 89' lang='lat' dir='ltr'><strong>sc</strong></span> <span class='ocrx_word' id='word_1_247' title='bbox 937 3725 1071 3795; x_wconf 84' lang='lat' dir='ltr'><strong>nequivit</strong></span> <span class='ocrx_word' id='word_1_248' title='bbox 1098 3725 1271 3781; x_wconf 86' lang='lat' dir='ltr'><strong>sententiam</strong></span> <span class='ocrx_word' id='word_1_249' title='bbox 1297 3727 1438 3781; x_wconf 89' lang='lat' dir='ltr'><strong>obtinere.</strong></span> 
     </span>
     <span class='ocr_line' id='line_1_32' title="bbox 329 3797 1542 3882; baseline 0.005 -23"><span class='ocrx_word' id='word_1_250' title='bbox 329 3797 456 3849; x_wconf 62' lang='lat' dir='ltr'><strong>llt’mfflh</strong></span> <span class='ocrx_word' id='word_1_251' title='bbox 534 3806 602 3860; x_wconf 90' lang='lat' dir='ltr'><strong>Hiis</strong></span> <span class='ocrx_word' id='word_1_252' title='bbox 621 3809 787 3878; x_wconf 83' lang='lat' dir='ltr'><strong>propositis,</strong></span> <span class='ocrx_word' id='word_1_253' title='bbox 808 3811 921 3863; x_wconf 85' lang='lat' dir='ltr'><strong>monuit</strong></span> <span class='ocrx_word' id='word_1_254' title='bbox 940 3811 1019 3880; x_wconf 87' lang='lat' dir='ltr'><strong>Papa</strong></span> <span class='ocrx_word' id='word_1_255' title='bbox 1037 3810 1150 3880; x_wconf 84' lang='lat' dir='ltr'><strong>Regem</strong></span> <span class='ocrx_word' id='word_1_256' title='bbox 1168 3829 1220 3882; x_wconf 87' lang='lat' dir='ltr'><strong>per</strong></span> <span class='ocrx_word' id='word_1_257' title='bbox 1232 3811 1346 3866; x_wconf 85' lang='lat' dir='ltr'><strong>litteras</strong></span> <span class='ocrx_word' id='word_1_258' title='bbox 1366 3829 1447 3874; x_wconf 84' lang='lat' dir='ltr'><strong>suas,</strong></span> <span class='ocrx_word' id='word_1_259' title='bbox 1468 3805 1542 3881; x_wconf 88' lang='lat' dir='ltr'><strong>quod</strong></span> 
     </span>
     <span class='ocr_line' id='line_1_33' title="bbox 327 3866 1542 3980; baseline 0.003 -37"><span class='ocrx_word' id='word_1_260' title='bbox 327 3866 465 3980; x_wconf 51' lang='grc' dir='ltr'><strong>’ἒὲᾱθοὲῢ</strong></span> <span class='ocrx_word' id='word_1_261' title='bbox 498 3891 666 3962; x_wconf 63' lang='lat' dir='ltr'><strong>Episcopus</strong></span> <span class='ocrx_word' id='word_1_262' title='bbox 686 3891 824 3958; x_wconf 83' lang='lat' dir='ltr'><strong>Abbatcs,</strong></span> <span class='ocrx_word' id='word_1_263' title='bbox 845 3895 962 3958; x_wconf 88' lang='lat' dir='ltr'><strong>clectos,</strong></span> <span class='ocrx_word' id='word_1_264' title='bbox 984 3902 1014 3948; x_wconf 88' lang='lat' dir='ltr'><strong>ct</strong></span> <span class='ocrx_word' id='word_1_265' title='bbox 1032 3912 1130 3949; x_wconf 88' lang='lat' dir='ltr'><strong>omncs</strong></span> <span class='ocrx_word' id='word_1_266' title='bbox 1142 3895 1214 3950; x_wconf 90' lang='lat' dir='ltr'><strong>alios</strong></span> <span class='ocrx_word' id='word_1_267' title='bbox 1239 3897 1323 3966; x_wconf 90' lang='lat' dir='ltr'><strong>regni</strong></span> <span class='ocrx_word' id='word_1_268' title='bbox 1343 3896 1453 3951; x_wconf 77' lang='lat' dir='ltr'><strong>Scotiar</strong></span> <span class='ocrx_word' id='word_1_269' title='bbox 1473 3910 1542 3965; x_wconf 84' lang='lat' dir='ltr'><strong>quoa</strong></span> 
     </span>
     <span class='ocr_line' id='line_1_34' title="bbox 329 3948 1543 4062; baseline 0.003 -34"><span class='ocrx_word' id='word_1_270' title='bbox 329 3948 483 4062; x_wconf 21' lang='lat' dir='ltr'><strong>thewlffgpegy</strong></span> <span class='ocrx_word' id='word_1_271' title='bbox 498 3976 646 4030; x_wconf 87' lang='lat' dir='ltr'><strong>detinebat</strong></span> <span class='ocrx_word' id='word_1_272' title='bbox 657 3978 787 4047; x_wconf 88' lang='lat' dir='ltr'><strong>captivos</strong></span> <span class='ocrx_word' id='word_1_273' title='bbox 807 3979 837 4031; x_wconf 91' lang='lat' dir='ltr'><strong>in</strong></span> <span class='ocrx_word' id='word_1_274' title='bbox 856 3997 980 4039; x_wconf 84' lang='lat' dir='ltr'><strong>carcere,</strong></span> <span class='ocrx_word' id='word_1_275' title='bbox 996 3978 1087 4032; x_wconf 86' lang='lat' dir='ltr'><strong>libere</strong></span> <span class='ocrx_word' id='word_1_276' title='bbox 1106 3979 1186 4033; x_wconf 90' lang='lat' dir='ltr'><strong>abire</strong></span> <span class='ocrx_word' id='word_1_277' title='bbox 1204 3981 1404 4051; x_wconf 77' lang='lat' dir='ltr'><strong>permitteret3</strong></span> <span class='ocrx_word' id='word_1_278' title='bbox 1426 3987 1457 4035; x_wconf 88' lang='lat' dir='ltr'><strong>et</strong></span> <span class='ocrx_word' id='word_1_279' title='bbox 1469 3976 1543 4050; x_wconf 87' lang='lat' dir='ltr'><strong>quod</strong></span> 
     </span>
     <span class='ocr_line' id='line_1_35' title="bbox 497 4060 1544 4136; baseline 0.003 -23"><span class='ocrx_word' id='word_1_280' title='bbox 497 4060 633 4113; x_wconf 87' lang='lat' dir='ltr'><strong>officiales</strong></span> <span class='ocrx_word' id='word_1_281' title='bbox 653 4078 721 4115; x_wconf 84' lang='lat' dir='ltr'><strong>snos</strong></span> <span class='ocrx_word' id='word_1_282' title='bbox 745 4061 781 4115; x_wconf 88' lang='lat' dir='ltr'><strong>de</strong></span> <span class='ocrx_word' id='word_1_283' title='bbox 800 4079 890 4131; x_wconf 87' lang='lat' dir='ltr'><strong>regno</strong></span> <span class='ocrx_word' id='word_1_284' title='bbox 911 4063 1017 4117; x_wconf 74' lang='lat' dir='ltr'><strong>Scotiai</strong></span> <span class='ocrx_word' id='word_1_285' title='bbox 1041 4070 1200 4118; x_wconf 88' lang='lat' dir='ltr'><strong>memorato</strong></span> <span class='ocrx_word' id='word_1_286' title='bbox 1223 4071 1381 4129; x_wconf 82' lang='lat' dir='ltr'><strong>revocaret,</strong></span> <span class='ocrx_word' id='word_1_287' title='bbox 1410 4082 1484 4136; x_wconf 87' lang='lat' dir='ltr'><strong>quos</strong></span> <span class='ocrx_word' id='word_1_288' title='bbox 1515 4062 1544 4116; x_wconf 93' lang='lat' dir='ltr'><strong>in</strong></span> 
     </span>
     <span class='ocr_line' id='line_1_36' title="bbox 498 4144 1543 4219; baseline 0.004 -22"><span class='ocrx_word' id='word_1_289' title='bbox 498 4144 711 4213; x_wconf 74' lang='lat' dir='ltr'><strong>praejudicium,</strong></span> <span class='ocrx_word' id='word_1_290' title='bbox 732 4150 762 4199; x_wconf 90' lang='lat' dir='ltr'><strong>et</strong></span> <span class='ocrx_word' id='word_1_291' title='bbox 780 4145 927 4216; x_wconf 89' lang='lat' dir='ltr'><strong>injuriam,</strong></span> <span class='ocrx_word' id='word_1_292' title='bbox 949 4154 978 4200; x_wconf 91' lang='lat' dir='ltr'><strong>et</strong></span> <span class='ocrx_word' id='word_1_293' title='bbox 997 4163 1087 4215; x_wconf 82' lang='lat' dir='ltr'><strong>grave</strong></span> <span class='ocrx_word' id='word_1_294' title='bbox 1106 4146 1284 4211; x_wconf 88' lang='lat' dir='ltr'><strong>scandalum,</strong></span> <span class='ocrx_word' id='word_1_295' title='bbox 1305 4148 1438 4203; x_wconf 89' lang='lat' dir='ltr'><strong>fidelium</strong></span> <span class='ocrx_word' id='word_1_296' title='bbox 1456 4164 1543 4219; x_wconf 93' lang='lat' dir='ltr'><strong>popu·</strong></span> 
     </span>
     <span class='ocr_line' id='line_1_37' title="bbox 499 4227 1545 4302; baseline 0.003 -21"><span class='ocrx_word' id='word_1_297' title='bbox 499 4227 603 4293; x_wconf 89' lang='lat' dir='ltr'><strong>lorum,</strong></span> <span class='ocrx_word' id='word_1_298' title='bbox 625 4236 655 4282; x_wconf 87' lang='lat' dir='ltr'><strong>ct</strong></span> <span class='ocrx_word' id='word_1_299' title='bbox 673 4231 889 4300; x_wconf 88' lang='lat' dir='ltr'><strong>oppressionem</strong></span> <span class='ocrx_word' id='word_1_300' title='bbox 904 4232 1062 4300; x_wconf 81' lang='lat' dir='ltr'><strong>justorum,</strong></span> <span class='ocrx_word' id='word_1_301' title='bbox 1089 4230 1120 4284; x_wconf 90' lang='lat' dir='ltr'><strong>in</strong></span> <span class='ocrx_word' id='word_1_302' title='bbox 1138 4230 1216 4286; x_wconf 88' lang='lat' dir='ltr'><strong>dicto</strong></span> <span class='ocrx_word' id='word_1_303' title='bbox 1240 4250 1331 4302; x_wconf 85' lang='lat' dir='ltr'><strong>regno</strong></span> <span class='ocrx_word' id='word_1_304' title='bbox 1350 4237 1496 4288; x_wconf 84' lang='lat' dir='ltr'><strong>statuerat</strong></span> <span class='ocrx_word' id='word_1_305' title='bbox 1517 4236 1545 4284; x_wconf 89' lang='lat' dir='ltr'><strong>et</strong></span> 
     </span>
     <span class='ocr_line' id='line_1_38' title="bbox 499 4313 1572 4386; baseline 0.007 -21"><span class='ocrx_word' id='word_1_306' title='bbox 499 4313 699 4379; x_wconf 82' lang='lat' dir='ltr'><strong>ordinaverat3</strong></span> <span class='ocrx_word' id='word_1_307' title='bbox 726 4315 768 4368; x_wconf 89' lang='lat' dir='ltr'><strong>ita</strong></span> <span class='ocrx_word' id='word_1_308' title='bbox 780 4315 858 4385; x_wconf 92' lang='lat' dir='ltr'><strong>quod</strong></span> <span class='ocrx_word' id='word_1_309' title='bbox 870 4316 1017 4386; x_wconf 83' lang='lat' dir='ltr'><strong>acceptior</strong></span> <span class='ocrx_word' id='word_1_310' title='bbox 1028 4323 1058 4369; x_wconf 91' lang='lat' dir='ltr'><strong>ct</strong></span> <span class='ocrx_word' id='word_1_311' title='bbox 1070 4315 1182 4385; x_wconf 87' lang='lat' dir='ltr'><strong>gratior</strong></span> <span class='ocrx_word' id='word_1_312' title='bbox 1194 4316 1278 4370; x_wconf 87' lang='lat' dir='ltr'><strong>fieret</strong></span> <span class='ocrx_word' id='word_1_313' title='bbox 1290 4317 1361 4382; x_wconf 88' lang='lat' dir='ltr'><strong>Deo,</strong></span> <span class='ocrx_word' id='word_1_314' title='bbox 1376 4323 1406 4372; x_wconf 89' lang='lat' dir='ltr'><strong>et</strong></span> <span class='ocrx_word' id='word_1_315' title='bbox 1419 4318 1545 4372; x_wconf 84' lang='lat' dir='ltr'><strong>faverem</strong></span> <span class='ocrx_word' id='word_1_316' title='bbox 1568 4363 1572 4373; x_wconf 94' lang='lat'>.</span> 
     </span>
     <span class='ocr_line' id='line_1_39' title="bbox 500 4395 1546 4470; baseline 0.004 -20"><span class='ocrx_word' id='word_1_317' title='bbox 500 4395 674 4467; x_wconf 80' lang='lat' dir='ltr'><strong>Apostolicar</strong></span> <span class='ocrx_word' id='word_1_318' title='bbox 695 4398 779 4453; x_wconf 79' lang='lat' dir='ltr'><strong>Sedis</strong></span> <span class='ocrx_word' id='word_1_319' title='bbox 798 4399 828 4452; x_wconf 94' lang='lat' dir='ltr'><strong>in</strong></span> <span class='ocrx_word' id='word_1_320' title='bbox 846 4399 900 4453; x_wconf 90' lang='lat' dir='ltr'><strong>hoc</strong></span> <span class='ocrx_word' id='word_1_321' title='bbox 913 4400 967 4454; x_wconf 80' lang='lat' dir='ltr'><strong>sibi</strong></span> <span class='ocrx_word' id='word_1_322' title='bbox 982 4399 1151 4468; x_wconf 86' lang='lat' dir='ltr'><strong>adquireret</strong></span> <span class='ocrx_word' id='word_1_323' title='bbox 1161 4400 1285 4470; x_wconf 89' lang='lat' dir='ltr'><strong>plenius.</strong></span> <span class='ocrx_word' id='word_1_324' title='bbox 1314 4401 1546 4457; x_wconf 80' lang='lat' dir='ltr'><strong>Etsiineodem</strong></span> 
     </span>
     <span class='ocr_line' id='line_1_40' title="bbox 501 4482 1545 4556; baseline 0.006 -26"><span class='ocrx_word' id='word_1_325' title='bbox 501 4498 590 4549; x_wconf 85' lang='lat' dir='ltr'><strong>regno</strong></span> <span class='ocrx_word' id='word_1_326' title='bbox 617 4483 730 4545; x_wconf 68' lang='lat' dir='ltr'><strong>Sectile,</strong></span> <span class='ocrx_word' id='word_1_327' title='bbox 758 4482 806 4536; x_wconf 74' lang='lat' dir='ltr'><strong>rel</strong></span> <span class='ocrx_word' id='word_1_328' title='bbox 832 4484 930 4553; x_wconf 71' lang='lat' dir='ltr'><strong>aliepia</strong></span> <span class='ocrx_word' id='word_1_329' title='bbox 956 4484 1019 4552; x_wconf 73' lang='lat' dir='ltr'><strong>qius</strong></span> <span class='ocrx_word' id='word_1_330' title='bbox 1046 4492 1138 4553; x_wconf 85' lang='lat' dir='ltr'><strong>parte,</strong></span> <span class='ocrx_word' id='word_1_331' title='bbox 1164 4485 1214 4554; x_wconf 84' lang='lat' dir='ltr'><strong>jus</strong></span> <span class='ocrx_word' id='word_1_332' title='bbox 1240 4486 1359 4556; x_wconf 78' lang='lat' dir='ltr'><strong>aliquod</strong></span> <span class='ocrx_word' id='word_1_333' title='bbox 1384 4485 1492 4540; x_wconf 87' lang='lat' dir='ltr'><strong>habere</strong></span> <span class='ocrx_word' id='word_1_334' title='bbox 1517 4500 1545 4539; x_wconf 89' lang='lat' dir='ltr'><strong>se</strong></span> 
     </span>
     <span class='ocr_line' id='line_1_41' title="bbox 501 4568 1547 4641; baseline 0.009 -27"><span class='ocrx_word' id='word_1_335' title='bbox 501 4580 653 4628; x_wconf 81' lang='lat' dir='ltr'><strong>assereret,</strong></span> <span class='ocrx_word' id='word_1_336' title='bbox 682 4585 735 4636; x_wconf 87' lang='lat' dir='ltr'><strong>per</strong></span> <span class='ocrx_word' id='word_1_337' title='bbox 762 4575 964 4637; x_wconf 84' lang='lat' dir='ltr'><strong>procuratores</strong></span> <span class='ocrx_word' id='word_1_338' title='bbox 988 4575 1016 4621; x_wconf 82' lang='lat' dir='ltr'><strong>cl</strong></span> <span class='ocrx_word' id='word_1_339' title='bbox 1042 4568 1162 4622; x_wconf 87' lang='lat' dir='ltr'><strong>nuncios</strong></span> <span class='ocrx_word' id='word_1_340' title='bbox 1189 4588 1266 4632; x_wconf 80' lang='lat' dir='ltr'><strong>sues,</strong></span> <span class='ocrx_word' id='word_1_341' title='bbox 1297 4569 1334 4624; x_wconf 93' lang='lat' dir='ltr'><strong>ad</strong></span> <span class='ocrx_word' id='word_1_342' title='bbox 1359 4569 1415 4624; x_wconf 88' lang='lat' dir='ltr'><strong>hoc</strong></span> <span class='ocrx_word' id='word_1_343' title='bbox 1442 4568 1547 4641; x_wconf 83' lang='lat' dir='ltr'><strong>specia-</strong></span> 
     </span>
     <span class='ocr_line' id='line_1_42' title="bbox 501 4646 1546 4725; baseline 0.01 -27"><span class='ocrx_word' id='word_1_344' title='bbox 501 4646 569 4700; x_wconf 82' lang='lat' dir='ltr'><strong>liter</strong></span> <span class='ocrx_word' id='word_1_345' title='bbox 587 4651 769 4715; x_wconf 75' lang='lat' dir='ltr'><strong>constitutes,</strong></span> <span class='ocrx_word' id='word_1_346' title='bbox 797 4671 864 4706; x_wconf 82' lang='lat' dir='ltr'><strong>enin</strong></span> <span class='ocrx_word' id='word_1_347' title='bbox 883 4652 1017 4706; x_wconf 84' lang='lat' dir='ltr'><strong>omnibns</strong></span> <span class='ocrx_word' id='word_1_348' title='bbox 1039 4652 1158 4720; x_wconf 84' lang='lat' dir='ltr'><strong>jnribus</strong></span> <span class='ocrx_word' id='word_1_349' title='bbox 1184 4660 1214 4708; x_wconf 89' lang='lat' dir='ltr'><strong>et</strong></span> <span class='ocrx_word' id='word_1_350' title='bbox 1231 4655 1421 4710; x_wconf 86' lang='lat' dir='ltr'><strong>munimentis</strong></span> <span class='ocrx_word' id='word_1_351' title='bbox 1449 4654 1546 4725; x_wconf 77' lang='lat' dir='ltr'><strong>hujus·</strong></span> 
     </span>
    </p>
   </div>
   <div class='ocr_carea' id='block_1_4' title="bbox 502 4831 1197 4844">
    <p class='ocr_par' dir='ltr' id='par_1_4' title="bbox 502 4831 1197 4844">
     <span class='ocr_line' id='line_1_43' title="bbox 502 4831 1197 4844; baseline 0.01 -7"><span class='ocrx_word' id='word_1_352' title='bbox 502 4831 651 4840; x_wconf 82' lang='lat'>.———.-</span> <span class='ocrx_word' id='word_1_353' title='bbox 669 4834 807 4842; x_wconf 83' lang='grc'>.-..-.......</span> <span class='ocrx_word' id='word_1_354' title='bbox 843 4838 874 4842; x_wconf 81' lang='grc'><strong>.-</strong></span> <span class='ocrx_word' id='word_1_355' title='bbox 899 4839 919 4842; x_wconf 89' lang='grc'>-</span> <span class='ocrx_word' id='word_1_356' title='bbox 950 4837 998 4842; x_wconf 86' lang='grc'><strong>-.-</strong></span> <span class='ocrx_word' id='word_1_357' title='bbox 1075 4837 1197 4844; x_wconf 81' lang='grc'>-.-.---</span> 
     </span>
    </p>
   </div>
   <div class='ocr_carea' id='block_1_5' title="bbox 899 4945 1132 5012">
    <p class='ocr_par' dir='ltr' id='par_1_5' title="bbox 899 4945 1132 5012">
     <span class='ocr_line' id='line_1_44' title="bbox 899 4945 1132 5012; baseline 0.004 -17"><span class='ocrx_word' id='word_1_358' title='bbox 899 4948 905 4976; x_wconf 93' lang='lat'>¹</span> <span class='ocrx_word' id='word_1_359' title='bbox 920 4946 1015 5009; x_wconf 83' lang='lat' dir='ltr'><strong>positus</strong></span> <span class='ocrx_word' id='word_1_360' title='bbox 1032 4945 1058 4994; x_wconf 92' lang='lat' dir='ltr'><strong>in</strong></span> <span class='ocrx_word' id='word_1_361' title='bbox 1071 4946 1132 5012; x_wconf 87' lang='lat' dir='ltr'><strong>orig.</strong></span> 
     </span>
    </p>
   </div>
   <div class='ocr_carea' id='block_1_6' title="bbox 0 0 1908 6244">
    <p class='ocr_par' dir='ltr' id='par_1_6' title="bbox 0 0 1908 6244">
     <span class='ocr_line' id='line_1_45' title="bbox 0 0 1908 6244; baseline 0 0"><span class='ocrx_word' id='word_1_362' title='bbox 0 0 1908 6244; x_wconf 95' lang='lat' dir='ltr'><strong> </strong></span> 
     </span>
    </p>
   </div>
  </div>
 </body>
</html>
